% This file was created with JabRef 2.6.
% Encoding: Cp1252


@ARTICLE{Urkowitz, 
author={Urkowitz, H.}, 
journal={Proceedings of the IEEE}, title={Energy detection of unknown deterministic signals}, 
year={1967}, 
month={april}, 
volume={55}, 
number={4}, 
pages={ 523 - 531}, 
keywords={}, 
doi={10.1109/PROC.1967.5573}, 
ISSN={0018-9219},}

@ARTICLE{Haykin, 
author={Haykin, S.}, 
journal=IEEE_J_JSAC, 
title="{Cognitive radio: brain-empowered wireless communications}", 
year={2005}, 
month={Feb.}, 
volume={23}, 
number={2}, 
pages={ 201 - 220}, 
keywords={ brain-empowered wireless communication; channel-state estimation; cognitive radio; interference temperature; machine learning; predictive modeling; radio electromagnetic spectrum; radio-scene analysis; software-defined radio; stochastic games; transmit-power control; understanding-by-building; channel estimation; cognitive systems; learning (artificial intelligence); power control; radio spectrum management; software radio; stochastic games;}, 
doi={10.1109/JSAC.2004.839380}, 
ISSN={0733-8716},}


@article{Song, 
author={Song, Xiaoshi and Yin, Changchuan and Liu, Danpu and Zhang, Rui}, 
journal={IEEE Journal on Selected Areas in Communications, Cognitive Radio Series}, 
title={Spatial Throughput Characterization in Cognitive Radio Networks with Threshold-Based Opportunistic Spectrum Access},
year={2014},
note={(to appear), available at http://arxiv.org/abs/1312.2688},
}

@article{Song14, 
author={Song, X. and Yin, C. and Liu, D. and Zhang, R.}, 
journal=IEEE_J_JSAC, 
title="{Spatial Throughput Characterization in Cognitive Radio Networks with Threshold-Based Opportunistic Spectrum Access}", 
year={2014}, 
month={Nov.}, 
volume={PP}, 
number={99}, 
pages={1-15}, 
keywords={Cognitive radio;Poisson point process;coverage probability;opportunistic spectrum access;spatial opportunity;spatial throughput;stochastic geometry}, 
doi={10.1109/JSAC.2014.1411RP05}, 
ISSN={0733-8716},}

@BOOK{Tse05,
    author = {David Tse and Pramod Viswanath},
    title ="{Fundamentals of Wireless Communication}",
    publisher = {Cambridge University Press},
    year = {2005}
}

@misc{LectureR,
  Author = {Gallager, Robert},
  Institution = {Massachusetts Institute of Technology},
  Howpublished = {MIT Opencourseware, Course Notes, MIT Course Number 6.262},
  Year = {2011},
  Title = {{Discrete Stochastic Processes.}}
}

@ARTICLE{Haenggi08now,
  author = {M. Haenggi and R. K. Ganti},
  date-added = {2009-11-05 11:46:45 -0500},
  date-modified = {2010-04-25 14:49:03 -0400},
  journal = {Foundations and Trends in Networking},
  note = {Available at \url{http://www.nd.edu/~mhaenggi/pubs/now.pdf}},
  number = {2},
  pages = {127--248},
  title = {{Interference in Large Wireless Networks}},
  volume = {3},
  year = 2008
}

@book{grad,
  author = {Gradshteyn, I. S. and Ryzhik, I. M.},
  edition = {Sixth},
  isbn = {0-12-294757-6},
  keywords = {reference},
  pages = {xlvii+1163},
  publisher = {San Diego, CA: Academic Press. },
  title = {{Table of Integrals, Series, and Products}},
  year = {2000}
}

@ARTICLE{Kusal12, 
author={Kusaladharma, S. and Tellambura, C.}, 
journal={IEEE Wireless Commun. Lett.}, 
title="{Aggregate Interference Analysis for Underlay Cognitive Radio Networks}", 
year={2012}, 
month={Dec.}, 
volume={1}, 
number={6}, 
pages={641-644}, 
keywords={Rayleigh channels;approximation theory;cognitive radio;gamma distribution;radio networks;radio transmitters;radiofrequency interference;Rayleigh fading channel;aggregate interference analysis;asymptotic approximation;cognitive radio transmitters;composite model;exact closed-form moment generating function;finite ring;gamma distribution;path loss;shadowing;underlay cognitive radio networks;Aggregates;Approximation methods;Cognitive radio;Fading;Interference;Shadow mapping;Cognitive radio;aggregate interference;outage probability;shadowing}, 
doi={10.1109/WCL.2012.091312.120600}, 
ISSN={2162-2337},}

@ARTICLE{Kusal13, 
author={Kusaladharma, S. and Tellambura, C.}, 
journal=IEEE_J_COML, 
title="{Impact of Beacon Misdetection on Aggregate Interference for Hybrid Underlay-Interweave Networks}", 
year={2013}, 
month={Nov.}, 
volume={17}, 
number={11}, 
pages={2052-2055}, 
keywords={cognitive radio;probability;Poisson field;Rayleigh fading;aggregate interference;beacon misdetection;cognitive radio nodes;hybrid underlay interweave CR systems;hybrid underlay interweave networks;interference statistics;interweave node transmissions;outage probability;underlay nodes;Aggregates;Cognitive radio;Interference;Lead;Rayleigh channels;Receivers;Cognitive radio;aggregate interference;beacon transmission;outage probability}, 
doi={10.1109/LCOMM.2013.091913.131127}, 
ISSN={1089-7798},}


@INPROCEEDINGS{Guo13, 
author={Yuchen Guo and Yingchun Ma and Kai Niu and Jiaru Lin}, 
booktitle={Vehicular Technology Conference (VTC Spring), 2013 IEEE 77th}, 
title={{Transmission Capacity of Cognitive Radio Networks with Interference Avoidance}}, 
year={2013}, 
month={Jun.}, 
pages={1-5}, 
keywords={cognitive radio;interference suppression;probability;radio transmitters;CRN;closed-form expression;cognitive radio networks;communication rate;interference avoidance;outage probability constraints;preservation range;primary network;reception probability;secondary network;spectrum sharing scheme;transmission capacity;transmitter density;Cognitive radio;Gain;Interference;Radio transmitters;Receivers;Wireless networks}, 
doi={10.1109/VTCSpring.2013.6692793}, 
ISSN={1550-2252},}

@ARTICLE{Lee12, 
author={Lee, C. and Haenggi, M.}, 
journal=IEEE_J_WCOM, 
title={{Interference and Outage in Poisson Cognitive Networks}}, 
year={2012}, 
month={Apr.}, 
volume={11}, 
number={4}, 
pages={1392-1401}, 
keywords={cognitive radio;pattern clustering;probability;radio transmitters;radiofrequency interference;stochastic processes;Poisson cluster process;Poisson cognitive networks;Poisson hole process;bipolar network model;cognitive transmitter;cognitive users;independent Poisson point processes;interference;outage probability;primary user exclusion regions;Geometry;Interference;Laplace equations;Rayleigh channels;Receivers;Transmitters;Cognitive radio;Poisson cluster process;Poisson point process;cognitive network;interference modeling;stochastic geometry}, 
doi={10.1109/TWC.2012.021512.110131}, 
ISSN={1536-1276},}

@ARTICLE{Goldsmith09, 
author={Goldsmith, A. and Jafar, S.A. and Maric, I. and Srinivasa, S.}, 
journal={Proceedings of the IEEE}, 
title="{Breaking Spectrum Gridlock With Cognitive Radios: An Information Theoretic Perspective}", 
year={2009}, 
month={May}, 
volume={97}, 
number={5}, 
pages={894-914}, 
keywords={cognitive radio;a priori rules;cognitive radios;degree of freedom;information theoretic perspective;intelligent wireless communication device;spectrum gridlock;spectrum utilization;wireless network design;Availability;Bandwidth;Cognitive radio;FCC;Frequency;Guidelines;Radio spectrum management;Telecommunication standards;Wireless communication;Wireless networks;Capacity;cognitive radio;degrees of freedom;interweave;overlay;side information;underlay}, 
doi={10.1109/JPROC.2009.2015717}, 
ISSN={0018-9219},}


@ARTICLE{Ghasemi08, 
author={Ghasemi, A. and Sousa, E.S.}, 
journal=IEEE_J_STSP, 
title={{Interference Aggregation in Spectrum-Sensing Cognitive Wireless Networks}}, 
year={2008}, 
month={Feb.}, 
volume={2}, 
number={1}, 
pages={41-56}, 
keywords={cognitive radio;radio spectrum management;statistical analysis;cognitive radio networks;dynamic spectrum access;interference aggregation;licensed frequency bands;radio spectrum;spectrum-sensing cognitive wireless networks;statistical model;Aggregates;Cognitive radio;FCC;Frequency;Interference;Power system modeling;Radio spectrum management;White spaces;Wireless networks;Wireless sensor networks;Aggregate interference;cognitive radio;spectrum sensing}, 
doi={10.1109/JSTSP.2007.914897}, 
ISSN={1932-4553},}

@INPROCEEDINGS{Kaushik13,
author={Kaushik, Ankit and Mueller, Marcus and Jondral, Friedrich K.},
booktitle={Proceedings of the Tenth International Symposium on Wireless Communication Systems (ISWCS 2013)},
title="{Cognitive Relay: Detecting Spectrum Holes in a Dynamic Scenario}",
year={2013},
month={{Apr.}},
pages={1-2},}


@INPROCEEDINGS{Kaushik14,
author={Kaushik, Ankit and Raza, M. Rehan and Jondral, Friedrich K.},
booktitle={9th International Conference on Cognitive Radio Oriented Wireless Networks and Communications, 2014. CROWNCOM '14. },
title="{On the Deployment of Cognitive Relay as Underlay Systems}",
year={2014},
month={Jun.},
}


@ARTICLE{ElSawy13, 
author={ElSawy, H. and Hossain, E. and Haenggi, M.}, 
journal={IEEE Communications Surveys Tutorials}, 
title="{Stochastic Geometry for Modeling, Analysis, and Design of Multi-Tier and Cognitive Cellular Wireless Networks: A Survey}", 
year={2013}, 
month={Jun.}, 
volume={15}, 
number={3}, 
pages={996-1019}, 
keywords={cellular radio;cognitive radio;geometry;performance evaluation;radiofrequency interference;stochastic processes;cognitive cellular wireless networks;interference characterization;large-scale ad hoc wireless networks;multitier cellular wireless networks;performance evaluation technique;point process;stochastic geometry models;target network model;taxonomy;Cellular networks;Cognitive radio;Geometry;Interference estimation;Stochastic processes;Wireless networks;Multi-tier cellular networks;cognitive networks;heterogeneous networks (HetNets);interference modeling;stochastic geometry}, 
doi={10.1109/SURV.2013.052213.00000}, 
ISSN={1553-877X},}


@book{Haenggi,
  author = {Haenggi, Martin},
  isbn = {978-1-107-01469-5},
  pages = {I-XV, 1-284},
  publisher = {Cambridge University Press},
  title = {Stochastic Geometry for Wireless Networks.},
  year = 2013
}


@ARTICLE{Tan12,
author={Tanbourgi, R. and Elsner, J.P. and Jaekel, Holger and Jondral, Freidrich K.},
journal={IEEE Wireless Commun Lett},
title={{Adaptive Frequency Hopping in Ad Hoc Networks with Rayleigh Fading and Imperfect Sensing}},
year={2012},
month={Jun.},
volume={1},
number={3},
pages={185-188},
keywords={Rayleigh channels;ad hoc networks;optimisation;probability;radiofrequency interference;AFH sensing techniques;ASE;Rayleigh fading;adaptive frequency hopping;area spectral efficiency;carrier detection based sensing;imperfect sensing;packet error rate;probabilistic model;received signal strength sensing;self-interference;self-varying external interference;slow-varying external interference;system optimization;wireless ad hoc networks;Ad hoc networks;Fading;Interference;Probes;Sensors;Wireless communication;Wireless sensor networks;Adaptive frequency hopping;ad hoc networks;area spectral efficiency},
doi={10.1109/WCL.2012.031512.120034},
ISSN={2162-2337},}
