% This file was created with JabRef 2.6.
% Encoding: Cp1252

@ARTICLE{Mitola99,
author={Mitola, J. and Q. Jr. Maguire, G.},
journal={IEEE Personal Communications},
title={Cognitive radio: making software radios more personal},
year={1999},
month={August},
volume={6},
number={4},
pages={13-18},
keywords={cellular radio;cognitive systems;equalisers;knowledge representation languages;model-based reasoning;personal communication networks;protocols;software agents;software architecture;telecommunication computing;GSM;RF bands;air interfaces;automated reasoning;cognitive radio agents;multiband multimode personal communications systems;personal services;protocol stack;radio equalizer;radio etiquette;radio knowledge representation language;radio networks;radio nodes;radio propagation;radio spectrum;radio-domain model-based reasoning;radio-domain-aware intelligent agents;software modules;software radios;spatial patterns;temporal patterns;Application specific integrated circuits;Baseband;Cognitive radio;Equalizers;GSM;Hardware;Modems;Radio frequency;Software algorithms;Software radio},
doi={10.1109/98.788210},
ISSN={1070-9916},}


@ARTICLE{Andrews12,
author={Andrews, J.G. and Claussen, H. and Dohler, M. and Rangan, S. and Reed, M.C.},
journal={IEEE Journel on Selected Areas in Communications},
title="{Femtocells: Past, Present, and Future}",
year={2012},
month={April},
volume={30},
number={3},
pages={497-508},
keywords={Internet;femtocellular radio;radiofrequency interference;wireless LAN;Internet;WiFi offloading;backhaul regulations;base station deployment;base stations;cellular networks;femtocells;interference while;small cell technology;3G mobile communication;Cellular networks;Femtocells;Interference;Macrocell networks;3GPP;Cellular Networks;Femtocells;Heterogeneous Networks},
doi={10.1109/JSAC.2012.120401},
ISSN={0733-8716},}

@INPROCEEDINGS{Zukerman,
author={Zukerman, M. and Neame, T.D. and Addie, R.G.},
booktitle={INFOCOM 2003. Twenty-Second Annual Joint Conference of the IEEE Computer and Communications. IEEE Societies},
title={Internet traffic modeling and future technology implications},
year={2003},
month={March},
volume={1},
pages={587-596 vol.1},
keywords={Internet;Pareto distribution;queueing theory;stochastic processes;telecommunication traffic;Internet traffic modeling;Poisson Pareto burst process;optical Internet;sample trace queueing performance;statistical multiplexing;traffic statistics;Analytical models;Internet;Optical packet switching;Performance analysis;Predictive models;Queueing analysis;Statistics;Stochastic processes;Telecommunication traffic;Traffic control},
doi={10.1109/INFCOM.2003.1208709},
ISSN={0743-166X},}


//author={Andrews, J.G. and Buzzi, S. and Wan Choi and Hanly, S.V. and Lozano, A. and Soong, A.C.K. and Zhang, J.C.}, 
@ARTICLE{Andrews14, 
author={Andrews, J.G. and others}, 
journal={IEEE Journal on Selected Areas in Communications}, 
title="{What Will 5G Be?}", 
year={2014}, 
month={June}, 
volume={32}, 
number={6}, 
pages={1065-1082}, 
keywords={4G mobile communication;Long Term Evolution;cellular radio;mobile antennas;wireless LAN;4G mobile communication;5G air interface;5G mobile communication;LTE;Wi-Fi;antennas;cellular technology;core network;cost efficiency;device density;energy efficiency;extreme base station;seamless user experience;spectrum regulation;universal high-rate coverage;Bandwidth;Energy efficiency;IEEE 802.11 Standards;MIMO;Macrocell networks;Millimeter wave technology;Mobile communication;Special issues and sections;Wireless communication;Cellular systems;HetNets;energy efficiency;massive MIMO;millimeter wave;small cells}, 
doi={10.1109/JSAC.2014.2328098}, 
ISSN={0733-8716},}


//Villardi, G.P. and Rahman, M.A. and Baykas, T. and Ha Nguyen Tran and Zhou Lan and Chen Sun and Alemseged, Y. and Junyi Wang and Chunyi Song and Chang-woo Pyo and Filin, S. and Harada, H.}, 
@ARTICLE{Sum13, 
author={Chin-Sean Sum and others}, 
journal={IEEE Communications Magazine}, 
title="{Cognitive communication in TV white spaces: An overview of regulations, standards, and technology [Accepted From Open Call]}", 
year={2013}, 
month={July}, 
volume={51}, 
number={7}, 
pages={138-145}, 
keywords={IEEE standards;access protocols;cognitive radio;digital television;DySPAN SC;European CEPT;IEEE 802 standards association;IEEE 802.11;IEEE 802.15;IEEE 802.19;IEEE 802.22;Japanese MIC;MAC layer design;PHY layer design;Singapore IDA;TV white space cognitive communication systems;U.K. OFCOM;U.S. FCC;industrial community;regulatory bodies;regulatory status;standardization initiatives;FCC;Sensors;Standards;TV;White spaces;Wireless LAN;Wireless communication}, 
doi={10.1109/MCOM.2013.6553690}, 
ISSN={0163-6804},}


@misc{ETSI13,
author="{ETSI TS 103 113}",
title="{Electromagnetic compatibility and Radio spectrum Matters (ERM); System Reference document (SRdoc); Mobile broadband services in the 2300 - 2400 MHz frequency band under Licensed Shared Acces regime}",
month={July},
year={2013},
}


@article{SSF14,
title="{Small cells -- big ideas: How small cells left home -- and where they’re going next}",
journal="{White Paper, Small Cell Forum}",
month={February},
year={2014},
}


@article{CISCO14,
author="CISCO",
title="{Cisco Visual Networking Index: Global Mobile Data Traffic Forecast Update, 2013–2018}",
journal="{White Paper}",
month={February},
year={2014},
}

//author={Goldsmith, A. and Jafar, S.A. and Maric, I. and Srinivasa, S.},
@ARTICLE{Goldsmith09,
author={Goldsmith, A. and others},
journal={Proceedings of the IEEE},
title="{Breaking Spectrum Gridlock With Cognitive Radios: An Information Theoretic Perspective}",
year={2009},
month={May},
volume={97},
number={5},
pages={894-914},
keywords={cognitive radio;a priori rules;cognitive radios;degree of freedom;information theoretic perspective;intelligent wireless communication device;spectrum gridlock;spectrum utilization;wireless network design;Availability;Bandwidth;Cognitive radio;FCC;Frequency;Guidelines;Radio spectrum management;Telecommunication standards;Wireless communication;Wireless networks;Capacity;cognitive radio;degrees of freedom;interweave;overlay;side information;underlay},
doi={10.1109/JPROC.2009.2015717},
ISSN={0018-9219},}


@INPROCEEDINGS{SKS13, 
author={Sharma, S.K. and Chatzinotas, S. and Ottersten, B.}, 
booktitle={Vehicular Technology Conference (VTC Fall), 2013 IEEE 78th}, 
title={Cognitive Radio Techniques for Satellite Communication Systems}, 
year={2013}, 
month={Sept}, 
pages={1-5}, 
note={(Invited paper)},
keywords={array signal processing;cognitive radio;radio spectrum management;satellite communication;beamforming techniques;cognitive beamhopping techniques;cognitive radio techniques;cognitive satellite communications;dual cognitive satellite systems;hybrid cognitive satellite systems;interference alignment;interference modeling;satellite cognitive communications;satellite communication systems;spectral efficiency;spectrum sharing techniques;usable satellite spectrum;Context;Fading;Interference;Low earth orbit satellites;Satellite broadcasting;Sensors}, 
doi={10.1109/VTCFall.2013.6692139}, 
ISSN={1090-3038},}



@ARTICLE{Chander08, 
author={Chandrasekhar, V. and Andrews, J.G. and Gatherer, Alan}, 
journal={IEEE Communications Magazine}, 
title="{Femtocell Networks: A Survey}", 
year={2008}, 
month={September}, 
volume={46}, 
number={9}, 
pages={59-67}, 
keywords={wireless LAN;wireless channels;femtocell networks;wireless link;DSL;Femtocell networks;Interference;Macrocell networks;Microcell networks;Microwave antennas;Poles and towers;Spine;Telecommunication network reliability;Telecommunication traffic}, 
doi={10.1109/MCOM.2008.4623708}, 
ISSN={0163-6804},}

@ARTICLE{Pi11, 
author={Zhouyue Pi and Khan, F.}, 
journal={IEEE Communications Magazine}, 
title={An introduction to millimeter-wave mobile broadband systems}, 
year={2011}, 
month={June}, 
volume={49}, 
number={6}, 
pages={101-107}, 
keywords={4G mobile communication;broadband networks;millimetre wave propagation;next generation networks;4G system;MMB base station grid;MMB inter-BS backhaul link;MMB network architecture;MMB system;beamforming technique;millimeter-wave mobile broadband system;next generation mobile communication system;Base stations;Broadband communication;Computer architecture;Millimeter wave communication;Mobile communication}, 
doi={10.1109/MCOM.2011.5783993}, 
ISSN={0163-6804},}


@ARTICLE{Rapp13, 
author={Rappaport and others}, 
journal={IEEE Access}, 
title="{Millimeter Wave Mobile Communications for 5G Cellular: It Will Work!}", 
year={2013}, 
month={}, 
volume={1}, 
pages={335-349}, 
keywords={broadband networks;cellular radio;directive antennas;millimetre wave propagation;mobile radio;5G cellular;broadband cellular communication network;cellular mm-wave propagation;densely populated indoor environment;densely populated outdoor environment;frequency 28 GHz;frequency 38 GHz;global bandwidth shortage;millimeter wave frequency spectrum;millimeter wave mobile communication;steerable directional antenna;wireless carrier;Base stations;Computer architecture;Directional antennas;MIMO;Microprocessors;Millimeter wave technology;Mobile communication;Wireless communication;28 GHz;38 GHz;5G;MIMO;cellular;channel models;directional antennas;millimeter wave propagation measurements;mobile communications}, 
doi={10.1109/ACCESS.2013.2260813}, 
ISSN={2169-3536},}


@ARTICLE{Jondral05,
    author = {Friedrich K. Jondral},
    title = {Software-defined radio-basic and evolution to cognitive radio},
    journal = {EURASIP Journal on Wireless Communication and Networking},
    volume = {2005 Issue 3},
    pages= {275-283},
    month = {August},
    year = {2005}
}


@INPROCEEDINGS{Kaushik13,
author={Kaushik, Ankit and Mueller, Marcus and Jondral, Friedrich K.},
booktitle={Proceedings of the Tenth International Symposium on Wireless Communication Systems (ISWCS 2013)},
title="{Cognitive Relay: Detecting Spectrum Holes in a Dynamic Scenario}",
year={2013},
month={{Apr.}},
pages={1-2},}

@INPROCEEDINGS{Kaushik14,
author={Kaushik, Ankit and Raza, M. Rehan and Jondral, Friedrich K.},
booktitle={9th International Conference on Cognitive Radio Oriented Wireless Networks and Communications (CROWNCOM)},
title="{On the Deployment of Cognitive Relay as Underlay Systems}",
year={2014},
pages={329-334},
month={June},
}


//AUTHOR={Ankit Kaushik and Shree Krishna Sharma and Symeon Chatzinotas and Bj{\"o}rn
//Ottersten and Friedrich K. Jondral},
@inproceedings{Kaushik15_CC,
AUTHOR={Ankit Kaushik and others},
booktitle={10th International Conference on Cognitive Radio Oriented Wireless Networks and Communications (CROWNCOM)},
title="{Sensing-Throughput Tradeoff for Cognitive Radio Systems with Unknown Received Power}",
year={2015},
month={April},
note="(to appear)"
}

@INPROCEEDINGS{Kaushik15,
AUTHOR={Ankit Kaushik and others},
BOOKTITLE="IEEE Int. Conf. on Communications (ICC) - Cognitive Radio and Networks Symposium",
TITLE="{Estimation-Throughput} Tradeoff for Underlay Cognitive Radio Systems",
MONTH={June},
YEAR={2015},
note="(to appear)"
}



@INPROCEEDINGS{Hulbert05,
author={Hulbert, A.P.}, 
booktitle={Personal, Indoor and Mobile Radio Communications, 2005. PIMRC 2005. IEEE 16th International Symposium on}, 
title={Spectrum sharing through beacons}, 
year={2005}, 
month={Sept}, 
volume={2}, 
pages={989-993 Vol. 2}, 
keywords={interference suppression;radio receivers;radio transmitters;spectral analysis;beacon transmission;communication reliability;interference avoidance;receiver;spectrum sharing;transmitter;Channel allocation;Frequency;Interference;Noise figure;Power transmission;Radio link;Radio spectrum management;Radio transmitters;Receivers;Signal generators;beacons;sharing;spectrum}, 
doi={10.1109/PIMRC.2005.1651589},}


@ARTICLE{Ge14, 
author={Xiaohu Ge and Hui Cheng and Guizani, M. and Tao Han}, 
journal={IEEE Network}, 
title={5G wireless backhaul networks: challenges and research advances}, 
year={2014}, 
month={Nov}, 
volume={28}, 
number={6}, 
pages={6-11}, 
keywords={cellular radio;radio networks;telecommunication traffic;5G wireless backhaul networks;cellular networks;energy efficiency;gigabit-level throughput;millimeter wave communication technology;network architectures;small cell communication technology;wireless backhaul traffic;5G mobile communication;Cellular networks;Computer architecture;Energy efficiency;Macrocell networks;Microprocessors;Millimeter wave communication;Next generation networking;Wireless communication}, 
doi={10.1109/MNET.2014.6963798}, 
ISSN={0890-8044},}

//author={Xiaoshi Song and Changchuan Yin and Danpu Liu and Rui Zhang}, 
@ARTICLE{Song14, 
author={Xiaoshi Song and others}, 
journal={IEEE Journal on Selected Areas in Communications}, 
title={Spatial Throughput Characterization in Cognitive Radio Networks with Threshold-Based Opportunistic Spectrum Access}, 
year={2014}, 
month={November}, 
volume={32}, 
number={11}, 
pages={2190-2204}, 
keywords={cognitive radio;geometry;probability;protocols;radio receivers;radio spectrum management;radio transmitters;OSA protocols;PRA protocol;PTA protocol;active primary receivers-transmitters;coverage performance;coverage probability;large-scale overlay cognitive radio network;maximum signal power;nonoutage transmission performance;opportunistic spectrum access;overlay CR network;primary network;primary receiver assisted protocol;primary transmitter assisted protocol;received beacons;received pilots;secondary transmitter;secondary users;spatial opportunity;spatial spectrum hole;stochastic geometry;threshold-based OSA schemes;transmission opportunity;Cognitive radio;Interference;Protocols;Radio transmitters;Receivers;Throughput;Cognitive radio;Poisson point process;coverage probability;opportunistic spectrum access;spatial opportunity;spatial throughput;stochastic geometry}, 
doi={10.1109/JSAC.2014.1411RP05}, 
ISSN={0733-8716},}


//author={Ying-Chang Liang and Yonghong Zeng and Peh, E.C.Y. and Anh Tuan Hoang},
@ARTICLE{Liang08,
author={Ying-Chang Liang and others}, 
journal={IEEE Transactions on Wireless Communications},
title={{Sensing-Throughput Tradeoff for Cognitive Radio Networks}},
year={2008},
month={April},
volume={7},
number={4},
pages={1326-1337},
keywords={cognitive radio;distributed sensors;probability;cognitive radio networks;cooperative sensing;detection probability;distributed spectrum sensing;energy detection sensing scheme;false alarm probability;frequency 6 MHz;frequency bands;radio frequency environment;secondary network;sensing duration;sensing-throughput tradeoff;spectrum reuse functionality;time 100 ms;Cognitive radio;Computer simulation;FCC;Helium;Protection;Radio frequency;Receivers;TV;Throughput;Wireless sensor networks},
doi={10.1109/TWC.2008.060869},
ISSN={1536-1276},}


@ARTICLE{Elsawy13, 
author={ElSawy, H. and Hossain, E. and Dong In Kim}, 
journal={IEEE Communications Magazine}, 
title={HetNets with cognitive small cells: user offloading and distributed channel access techniques}, 
year={2013}, 
month={June}, 
volume={51}, 
number={6}, 
pages={28-36}, 
keywords={channel allocation;cognitive radio;femtocellular radio;frequency allocation;microcellular radio;picocellular radio;radio access networks;statistical analysis;stochastic processes;HetNets;cellular wireless networks;cognition capability;cognitive small cells;complete coordination;congested macrocells;distributed channel access techniques;femtocells;fine-tuned design;frequency reuse efficiency;heterogeneous cellular networks;heterogeneous networks;insightful design guidelines;large-scale deployment;microcells;multitier cellular wireless network;network capacity;network tier;offloading spots;offloading techniques;picocells;radio access network;random locations;spectrum sensing design;statistical tool;stochastic geometry tools;user offloading;Cellular networks;Channel allocation;Cognitive radio;Femtocells;Macrocell networks;Microcell networks;Stochastic processes;Telecommunication traffic}, 
doi={10.1109/MCOM.2013.6525592}, 
ISSN={0163-6804},}
