
% Encoding: Cp1252
@ARTICLE{Mitola99,
author={Mitola, J. and Q. Jr. Maguire, G.},
journal={IEEE Personal Communications},
title={Cognitive radio: making software radios more personal},
year={1999},
month={August},
volume={6},
number={4},
pages={13-18},
keywords={cellular radio;cognitive systems;equalisers;knowledge representation languages;model-based reasoning;personal communication networks;protocols;software agents;software architecture;telecommunication computing;GSM;RF bands;air interfaces;automated reasoning;cognitive radio agents;multiband multimode personal communications systems;personal services;protocol stack;radio equalizer;radio etiquette;radio knowledge representation language;radio networks;radio nodes;radio propagation;radio spectrum;radio-domain model-based reasoning;radio-domain-aware intelligent agents;software modules;software radios;spatial patterns;temporal patterns;Application specific integrated circuits;Baseband;Cognitive radio;Equalizers;GSM;Hardware;Modems;Radio frequency;Software algorithms;Software radio},
doi={10.1109/98.788210},
ISSN={1070-9916},}



@ARTICLE{Urkowitz, 
author={Urkowitz, H.}, 
journal={Proceedings of the IEEE}, title={Energy detection of unknown deterministic signals}, 
year={1967}, 
month={april}, 
volume={55}, 
number={4}, 
pages={ 523 - 531}, 
keywords={}, 
doi={10.1109/PROC.1967.5573}, 
ISSN={0018-9219},}

@ARTICLE{Haykin, 
author={Haykin, S.}, 
journal=IEEE_J_JSAC, 
title="{Cognitive radio: brain-empowered wireless communications}", 
year={2005}, 
month={Feb.}, 
volume={23}, 
number={2}, 
pages={ 201 - 220}, 
keywords={ brain-empowered wireless communication; channel-state estimation; cognitive radio; interference temperature; machine learning; predictive modeling; radio electromagnetic spectrum; radio-scene analysis; software-defined radio; stochastic games; transmit-power control; understanding-by-building; channel estimation; cognitive systems; learning (artificial intelligence); power control; radio spectrum management; software radio; stochastic games;}, 
doi={10.1109/JSAC.2004.839380}, 
ISSN={0733-8716},}


@article{Song, 
author={Song, Xiaoshi and Yin, Changchuan and Liu, Danpu and Zhang, Rui}, 
journal={IEEE Journal on Selected Areas in Communications, Cognitive Radio Series}, 
title={Spatial Throughput Characterization in Cognitive Radio Networks with Threshold-Based Opportunistic Spectrum Access},
year={2014},
note={(to appear), available at http://arxiv.org/abs/1312.2688},
}

@article{Song14, 
author={Song, X. and Yin, C. and Liu, D. and Zhang, R.}, 
journal=IEEE_J_JSAC, 
title="{Spatial Throughput Characterization in Cognitive Radio Networks with Threshold-Based Opportunistic Spectrum Access}", 
year={2014}, 
month={Nov.}, 
volume={PP}, 
number={99}, 
pages={1-15}, 
keywords={Cognitive radio;Poisson point process;coverage probability;opportunistic spectrum access;spatial opportunity;spatial throughput;stochastic geometry}, 
doi={10.1109/JSAC.2014.1411RP05}, 
ISSN={0733-8716},}

@BOOK{Tse05,
    author = {David Tse and Pramod Viswanath},
    title ="{Fundamentals of Wireless Communication}",
    publisher = {Cambridge University Press},
    year = {2005}
}

@misc{LectureR,
  Author = {Gallager, Robert},
  Institution = {Massachusetts Institute of Technology},
  Howpublished = {MIT Opencourseware, Course Notes, MIT Course Number 6.262},
  Year = {2011},
  Title = {{Discrete Stochastic Processes.}}
}



@INPROCEEDINGS{Guo13, 
author={Yuchen Guo and Yingchun Ma and Kai Niu and Jiaru Lin}, 
booktitle={Vehicular Technology Conference (VTC Spring), 2013 IEEE 77th}, 
title={{Transmission Capacity of Cognitive Radio Networks with Interference Avoidance}}, 
year={2013}, 
month={Jun.}, 
pages={1-5}, 
keywords={cognitive radio;interference suppression;probability;radio transmitters;CRN;closed-form expression;cognitive radio networks;communication rate;interference avoidance;outage probability constraints;preservation range;primary network;reception probability;secondary network;spectrum sharing scheme;transmission capacity;transmitter density;Cognitive radio;Gain;Interference;Radio transmitters;Receivers;Wireless networks}, 
doi={10.1109/VTCSpring.2013.6692793}, 
ISSN={1550-2252},}


@ARTICLE{Ghasemi08, 
author={Ghasemi, A. and Sousa, E.S.}, 
journal=IEEE_J_STSP, 
title={{Interference Aggregation in Spectrum-Sensing Cognitive Wireless Networks}}, 
year={2008}, 
month={Feb.}, 
volume={2}, 
number={1}, 
pages={41-56}, 
keywords={cognitive radio;radio spectrum management;statistical analysis;cognitive radio networks;dynamic spectrum access;interference aggregation;licensed frequency bands;radio spectrum;spectrum-sensing cognitive wireless networks;statistical model;Aggregates;Cognitive radio;FCC;Frequency;Interference;Power system modeling;Radio spectrum management;White spaces;Wireless networks;Wireless sensor networks;Aggregate interference;cognitive radio;spectrum sensing}, 
doi={10.1109/JSTSP.2007.914897}, 
ISSN={1932-4553},}

@INPROCEEDINGS{Kaushik13,
author={Kaushik, Ankit and Mueller, Marcus and Jondral, Friedrich K.},
booktitle="{ISWCS}",
title="{Cognitive Relay: Detecting Spectrum Holes in a Dynamic Scenario}",
year={2013},
month={{Apr.}},
pages={1-2},}


@INPROCEEDINGS{Kaushik14,
author={Kaushik, Ankit and Raza, M. Rehan and Jondral, Friedrich K.},
booktitle={CROWNCOM},
title="{On the Deployment of Cognitive Relay as Underlay Systems}",
year={2014},
month={Jun.},
}



@ARTICLE{Sonn92,
author={Sonnenschein, A and Fishman, P.M.},
journal={IEEE Transactions on Aerospace and Electronic Systems, },
title={Radiometric detection of spread-spectrum signals in noise of uncertain power},
year={1992},
month={Jul},
volume={28},
number={3},
pages={654-660},
keywords={probability;radiometry;signal detection;white noise;noise power density;peak-to-peak noise uncertainty;power spectral density;probability of interception;radiometric detectability;signal-to-noise ratio;spread-spectrum signals;standard analysis;time-bandwidth;uncertain knowledge;white Gaussian noise;wideband radiometer;worst case performance;Density measurement;Gaussian noise;Measurement standards;Power measurement;Radiometry;Signal analysis;Signal detection;Signal to noise ratio;Spread spectrum communication;Uncertainty},
doi={10.1109/7.256287},
ISSN={0018-9251},}


@ARTICLE{Tan08,
author={Tandra, R. and Sahai, A},
journal={IEEE Journal of Selected Topics in Signal Processing},
title={{SNR Walls for Signal Detection}},
year={2008},
month={Feb},
volume={2},
number={1},
pages={4-17},
keywords={cognitive radio;fading channels;mathematical analysis;signal detection;SNR wall;cognitive radio;fading channel;mathematical model;signal detection;uncertainty modeling;wireless spectrum regulator;Detectors;Fading;Interference;Mathematical model;Measurement;Noise robustness;Regulators;Signal detection;Signal to noise ratio;Uncertainty;Capacity robustness tradeoff;SNR wall;cognitive radio;coherent detection;noise calibration;noise uncertainty;radiometer;robust sensing},
doi={10.1109/JSTSP.2007.914879},
ISSN={1932-4553},}


@ARTICLE{Liang08, 
author={Ying-Chang Liang and Yonghong Zeng and Peh, E.C.Y. and Anh Tuan Hoang}, 
journal={IEEE Transactions on Wireless Communications}, 
title={{Sensing-Throughput Tradeoff for Cognitive Radio Networks}}, 
year={2008}, 
month={April}, 
volume={7}, 
number={4}, 
pages={1326-1337}, 
keywords={cognitive radio;distributed sensors;probability;cognitive radio networks;cooperative sensing;detection probability;distributed spectrum sensing;energy detection sensing scheme;false alarm probability;frequency 6 MHz;frequency bands;radio frequency environment;secondary network;sensing duration;sensing-throughput tradeoff;spectrum reuse functionality;time 100 ms;Cognitive radio;Computer simulation;FCC;Helium;Protection;Radio frequency;Receivers;TV;Throughput;Wireless sensor networks}, 
doi={10.1109/TWC.2008.060869}, 
ISSN={1536-1276},}


@ARTICLE{Jiang13, 
author={Xueyuan Jiang and Kai-Kit Wong and Yangyang Zhang and Edwards, D.}, 
journal={IEEE Transactions on Vehicular Technology, }, 
title={{On Hybrid Overlay-Underlay Dynamic Spectrum Access: Double-Threshold Energy Detection and Markov Model}}, 
year={2013}, 
month={Oct}, 
volume={62}, 
number={8}, 
pages={4078-4083}, 
keywords={Markov processes;overlay networks;radio spectrum management;signal detection;DSA scheme;Markov chain model;double-threshold energy detection method;hybrid overlay-underlay dynamic spectrum access;partial-access mode;system interfering probability performance;Cognitive radio (CR);double-threshold energy detection;dynamic spectrum access (DSA);hybrid access}, 
doi={10.1109/TVT.2013.2258360}, 
ISSN={0018-9545},}


@INPROCEEDINGS{Sharma12, 
author={Sharma, S.K. and Chatzinotas, S. and Ottersten, B.}, 
booktitle={CROWNCOM}, 
title={{Exploiting polarization for spectrum sensing in cognitive SatComs}}, 
year={2012}, 
month={June}, 
pages={36-41}, 
keywords={AWGN channels;cognitive radio;multifrequency antennas;polarisation;satellite antennas;EGC;MRC;OPBC technique;SS efficiency;cognitive SatComs;dual polarized AWGN channel;dual polarized antenna;equal gain combining;maximum ratio combining;optimum polarization based combining;polarization;selection combining;spectrum sensing;weak primary signals;Receiving antennas;Satellites;Sensors;Signal to noise ratio;Transmitting antennas;Vectors;Probability of detection;dual polarized antenna;energy detection;polarization states;sensing efficiency}, 
ISSN={2166-5370},}


@ARTICLE{Sharma13,
author={Sharma, S.K. and Chatzinotas, S. and Ottersten, B.},
journal={IEEE Transactions on Wireless Communications},
title={{SNR Estimation for Multi-dimensional Cognitive Receiver under Correlated Channel/Noise}},
year={2013},
month={December},
volume={12},
number={12},
pages={6392-6405},
keywords={channel estimation;cognitive radio;covariance matrices;eigenvalues and eigenfunctions;radio receivers;radio spectrum management;signal detection;statistical distributions;CR receiver;CR sensing module;MSE;PU SNR;SNR estimation techniques;a.e.p.d.f;asymptotic eigenvalue probability distribution function;channel correlation;cognitive radio;correlated channel-noise;eigenvalue-based SS techniques;multidimensional cognitive receiver;noise correlation;normalized mean square error;primary signals;received signal covariance matrix;signal plus noise hypothesis;signal to noise ratio;spectrum sensing capability;underlay techniques;white noise;Channel estimation;Correlation;Covariance matrices;Estimation;Sensors;Signal to noise ratio;Cognitive radio (CR);channel/noise correlation;random matrix theory (RMT);signal to noise ratio (SNR) estimation;spectrum sensing (SS)},
doi={10.1109/TWC.2013.103113.130523},
ISSN={1536-1276},}

@INPROCEEDINGS{Sharma14,
author={Sharma, S.K. and Chatzinotas, S. and Ottersten, B.},
booktitle={CROWNCOM},
title="{A hybrid cognitive transceiver architecture: Sensing-throughput tradeoff}",
year={2014},
month={Jun.},
}



%author={Sharma, S. and Bogale, T. and Chatzinotas, S. and Ottersten, B. and Le, L. and Wang, X.}, 
@ARTICLE{Sharma15, 
author={Sharma, S. and Bogale, T. and Chatzinotas, S. and Ottersten, B. and Le, L. and Wang, X.}, 
journal={IEEE Communications Surveys Tutorials}, 
title={{Cognitive Radio Techniques under Practical Imperfections: A Survey}}, 
year={2015}, 
month={}, 
volume={PP}, 
number={99}, 
pages={1-1}, 
keywords={Eigenvalues and eigenfunctions;Interference;Sensors;Signal to noise ratio;Transceivers;Uncertainty;Cognitive radio;channel uncertainty;noise uncertainty;spectrum sensing;transceiver imperfections;underlay}, 
doi={10.1109/COMST.2015.2452414}, 
ISSN={1553-877X},}



@ARTICLE{Juarez11, 
author={Cardenas-Juarez, M. and Ghogho, M.}, 
journal={IEEE Communications Letters}, 
title={{Spectrum Sensing and Throughput Trade-off in Cognitive Radio under Outage Constraints over Nakagami Fading}}, 
year={2011}, 
month={October}, 
volume={15}, 
number={10}, 
pages={1110-1113}, 
keywords={Nakagami channels;cognitive radio;cooperative communication;radio networks;Nakagami fading conditions;Nakagami fading distribution;Rayleigh fading;channel-dependent probability;cooperative cognitive radio network;energy detector;fading operational conditions;maximum outage probability;optimum sensing time;optimum spectrum sensing duration;outage constraints;throughput trade-off;Cognitive radio;Nakagami distribution;Rayleigh channels;Sensors;Signal to noise ratio;Throughput;Spectrum sensing;cooperative networks;energy detector}, 
doi={10.1109/LCOMM.2011.080811.111127}, 
ISSN={1089-7798},}

@INPROCEEDINGS{Sharkasi12, 
author={Sharkasi, Y.F. and Ghogho, M. and McLernon, D.}, 
booktitle={ISWCS}, 
title={{Sensing-throughput tradeoff for OFDM-based cognitive radio under outage constraints}}, 
year={2012}, 
month={Aug}, 
pages={66-70}, 
keywords={Nakagami channels;OFDM modulation;Rician channels;AD;Nakagami-m channels;Nakagami-m fading parameter;OFDM signal;OFDM-based cognitive radio;Rician factor;Rician fading channels;autocorrelation detector;energy detector;fading environments;false alarm probability;outage constraints;sensing-throughput tradeoff}, 
doi={10.1109/ISWCS.2012.6328331}, 
ISSN={2154-0217},}

@ARTICLE{Xing07, 
author={Yiping Xing and Mathur, C.N. and Haleem, M.A. and Chandramouli, R. and Subbalakshmi, K.P.}, 
journal={ IEEE Transactions on Mobile Computing, }, 
title={{Dynamic Spectrum Access with QoS and Interference Temperature Constraints}}, 
year={2007}, 
month={April}, 
volume={6}, 
number={4}, 
pages={423-433}, 
keywords={geometric programming;mobile radio;nonlinear programming;quality of service;radio links;radio spectrum management;radiofrequency interference;Nash equilibria;QoS;dynamic spectrum access;geometric programming techniques;interference temperature constraints;mobile communications;nonlinear optimization problem;quality of service;secondary links;secondary spectrum sharing;spectrum resource;stochastic learning;FCC;Interference constraints;Mobile communication;Quality of service;Radio frequency;Radiofrequency interference;Signal processing;Signal to noise ratio;Temperature;Wireless sensor networks;Wireless communication;access schemes;constrained optimization;mobile communication systems.}, 
doi={10.1109/TMC.2007.50}, 
ISSN={1536-1233},}


@INPROCEEDINGS{Tian12,
author={Tian Tian and Iwai, H. and Sasaoka, H.},
booktitle={VTC Spring},
title={{Pseudo BER Based SNR Estimation for Energy Detection Scheme in Cognitive Radio}},
year={2012},
month={May},
pages={1-5},
doi={10.1109/VETECS.2012.6240226},
ISSN={1550-2252},}


@INPROCEEDINGS{Jing10, 
author={Jun Jing and Lianguo Wu and Youyun Xu and Wenfeng Ma}, 
booktitle={WCSP}, 
title={Spectrum sharing through receiver beacons in fading channels}, 
year={2010}, 
month={Oct}, 
pages={1-5}, 
keywords={fading channels;interference;radio spectrum management;receivers;transmitters;beacon-assisted spectrum sharing framework;critical interference probability;device-level design parameter;fading channel;interference channel;near-optimal sharing;primary receiver;primary system;receiver beacons;secondary system;secondary transmitter;system-level design parameter;Correlation;Fading;Interference;Nakagami distribution;Receivers;Sensitivity;Sensors;Beacon Sensing;Cognitive Radio;Interference Probability;Spectrum Sharing}, 
doi={10.1109/WCSP.2010.5633293},}


@ARTICLE{Axell12, 
author={Axell, E. and Leus, G. and Larsson, E.G. and Poor, H.V.}, 
journal={IEEE Signal Processing Magazine}, 
title={{Spectrum Sensing for Cognitive Radio : State-of-the-Art and Recent Advances}}, 
year={2012}, 
month={May}, 
volume={29}, 
number={3}, 
pages={101-116}, 
keywords={cognitive radio;radio spectrum management;licensed spectrum;phrase cognitive radio;radio spectrum;spectrum sensing;spectrum utilization;underutilized spectral resources;wireless communication;Cognitive radio;Detectors;Feature extraction;OFDM;Radio spectrum management;Signal to noise ratio;Wireless communication}, 
doi={10.1109/MSP.2012.2183771}, 
ISSN={1053-5888},}


@ARTICLE{Goldsmith09,
author={Goldsmith, A. and Jafar, S.A. and Maric, I. and Srinivasa, S.},
journal={Proceedings of the IEEE},
title="{Breaking Spectrum Gridlock With Cognitive Radios: An Information Theoretic Perspective}",
year={2009},
month={May},
volume={97},
number={5},
pages={894-914},
keywords={cognitive radio;a priori rules;cognitive radios;degree of freedom;information theoretic perspective;intelligent wireless communication device;spectrum gridlock;spectrum utilization;wireless network design;Availability;Bandwidth;Cognitive radio;FCC;Frequency;Guidelines;Radio spectrum management;Telecommunication standards;Wireless communication;Wireless networks;Capacity;cognitive radio;degrees of freedom;interweave;overlay;side information;underlay},
doi={10.1109/JPROC.2009.2015717},
ISSN={0018-9219},}


@book{grad,
  author = {Gradshteyn, I. S. and Ryzhik, I. M.},
  edition = {Sixth},
  isbn = {0-12-294757-6},
  keywords = {reference},
  pages = {xlvii+1163},
  publisher = {San Diego, CA: Academic Press. },
  title = {{Table of Integrals, Series, and Products}},
  year = {2000}
}

@book{Kay,
  title={Fundamentals of Statistical Signal Processing: Detection theory},
  author={Kay, S.M.},
  isbn={9780135041352},
  series={Prentice Hall Signal Processing Series},
  year={1998},
  publisher={Prentice-Hall PTR}
}



@INPROCEEDINGS{Kostylev02, 
author={Kostylev, V.I.}, 
booktitle={IEEE ICC}, 
title={Energy detection of a signal with random amplitude}, 
year={2002}, 
month={}, 
volume={3}, 
pages={1606-1610}, 
keywords={Gaussian noise;bandlimited signals;radio receivers;random processes;signal detection;Nakagami amplitude;Rayleigh amplitude;Rice amplitude;band-limited Gaussian noise;decision statistic;detection probability;deterministic signal;energy detection;radio communication;random amplitude signal;Filters;Frequency;Gaussian noise;Probability;Signal analysis;Signal detection;Signal processing;Statistical distributions;Statistics;White noise}, 
doi={10.1109/ICC.2002.997120},}



@INPROCEEDINGS{Alouini03, 
author={Digham, F.F. and Alouini, M.-S. and Simon, Marvin K.}, 
booktitle={IEEE ICC}, 
title={On the energy detection of unknown signals over fading channels}, 
year={2003}, 
month={May}, 
volume={5}, 
pages={3575-3579}, 
keywords={AWGN channels;diversity reception;fading channels;probability;signal detection;closed-form expressions;detection probability;diversity schemes;energy detection;equal-gain combining;fading channels;false alarm probability;receiver operating characteristic;selection combining;signal-to-noise ratio;switch and stay combining;Additive white noise;Closed-form solution;Detectors;Diversity reception;Fading;Gaussian noise;Probability;Signal detection;Signal to noise ratio;Switches}, 
doi={10.1109/ICC.2003.1204119},}

@INPROCEEDINGS{Mariani10, 
author={Mariani, A. and Giorgetti, A. and Chiani, M.}, 
booktitle={2010 International Waveform Diversity and Design Conference (WDD)}, 
title={Energy detector design for cognitive radio applications}, 
year={2010}, 
month={Aug}, 
pages={053-057}, 
keywords={cognitive radio;probability;signal detection;cognitive radio;energy detector;noise power level;probability of detection;probability of false alarm;signal detection;signal-to-noise ratio;spectrum sensing;Cognitive radio;Detectors;Estimation;Measurement;Signal to noise ratio}, 
doi={10.1109/WDD.2010.5592343}, 
ISSN={2150-4652},}


@INPROCEEDINGS{Herath09, 
author={Herath, S.P. and Rajatheva, N. and Tellambura, C.}, 
booktitle={IEEE ICC Workshops}, 
title={{Unified Approach for Energy Detection of Unknown Deterministic Signal in Cognitive Radio Over Fading Channels}}, 
year={2009}, 
month={June}, 
pages={1-5}, 
keywords={Nakagami channels;Rician channels;cognitive radio;diversity reception;probability;signal detection;MGF;MRC reception;Marcum-Q function;Nakagami-m fading;PDF;Rician fading channels;cognitive radio;contour integral representation;decision variable;energy detection;maximal ratio combining;moment generating function;probability density function;unknown deterministic signal;Cognitive radio;Detectors;Diversity reception;Fading;Numerical simulation;Performance analysis;Probability density function;Rician channels;Signal generators;Signal to noise ratio}, 
doi={10.1109/ICCW.2009.5208031},}

%NOTE="(submitted)"
@Inproceedings{Kaushik15,
AUTHOR={Ankit Kaushik and Shree Krishna Sharma and Symeon Chatzinotas and Bj{\"o}rn
Ottersten and Friedrich K. Jondral},
BOOKTITLE="IEEE International Conference on Communications (ICC)",
TITLE="{{Estimation-Throughput} Tradeoff for Underlay Cognitive Radio Systems}",
PAGES={7701-7706},
MONTH=June,
YEAR=2015,
}

%author={Andrews, J.G. and others},
@ARTICLE{Andrews14,
journal={IEEE Journal on Selected Areas in Communications},
title="{What Will 5G Be?}",
author={Andrews, J.G. and Buzzi, S. and Wan Choi and Hanly, S.V. and Lozano, A. and Soong, A.C.K. and Zhang, J.C.}, 
year={2014},
month={June},
volume={32},
number={6},
pages={1065-1082},
keywords={4G mobile communication;Long Term Evolution;cellular radio;mobile antennas;wireless LAN;4G mobile communication;5G air interface;5G mobile communication;LTE;Wi-Fi;antennas;cellular technology;core network;cost efficiency;device density;energy efficiency;extreme base station;seamless user experience;spectrum regulation;universal high-rate coverage;Bandwidth;Energy efficiency;IEEE 802.11 Standards;MIMO;Macrocell networks;Millimeter wave technology;Mobile communication;Special issues and sections;Wireless communication;Cellular systems;HetNets;energy efficiency;massive MIMO;millimeter wave;small cells},
doi={10.1109/JSAC.2014.2328098},
ISSN={0733-8716},}


@inproceedings{Kaushik15_CC,
AUTHOR={Ankit Kaushik and Shree Krishna Sharma and Symeon Chatzinotas and Bj{\"o}rn
Ottersten and Friedrich K. Jondral},
booktitle={10th International Conference on Cognitive Radio Oriented Wireless Networks and Communications (CROWNCOM)},
title="{Sensing-Throughput Tradeoff for Cognitive Radio Systems with Unknown Received Power}",
year={2015},
month={April},
}



@book{Simon00,
    address = {New York},
    author = {Simon, M. K. and Alouini, M. S.},
    edition = {first},
    publisher = {Wiley},
    title = {{Digital Communication over Fading Channels: A Unified Approach to Performance Analysis}},
    year = {2000}
}

@ARTICLE{Kim12, 
author={Hyungjong Kim and Hano Wang and Sungmook Lim and Daesik Hong}, 
journal={IEEE Transactions on Wireless Communications}, 
title={{On the Impact of Outdated Channel Information on the Capacity of Secondary User in Spectrum Sharing Environments}}, 
year={2012}, 
month={January}, 
volume={11}, 
number={1}, 
pages={284-295}, 
keywords={channel capacity;cognitive radio;radio receivers;radio spectrum management;radio transmitters;radiofrequency interference;wireless channels;channel information;cognitive radio;ergodic capacity;feedback latency;interference outage probability;outdated channel information;peak received-power constraint;power transmission allocation;primary receiver;received-power constraint;secondary link;secondary transmitter;secondary user capacity;spectrum sharing environment;time-varying property;Channel estimation;Correlation;Interference constraints;Receivers;Resource management;Transmitters;Cognitive radio;interference constraint;outdated channel state information;spectrum sharing}, 
doi={10.1109/TWC.2011.112311.110307}, 
ISSN={1536-1276},}

@ARTICLE{Pradhan15, 
author={Pradhan, H. and Kalamkar, S.S. and Banerjee, A.}, 
journal={IEEE Communications Letters}, 
title={{Sensing-Throughput Tradeoff in Cognitive Radio With Random Arrivals and Departures of Multiple Primary Users}}, 
year={2015}, 
month={March}, 
volume={19}, 
number={3}, 
pages={415-418}, 
keywords={Monte Carlo methods;cognitive radio;telecommunication traffic;Monte Carlo simulations;PU traffic parameters;cognitive radio;multiple primary users;optimal sensing time;random arrivals;random departures;secondary user throughput;sensing throughput tradeoff;vacant PU channel;Channel capacity;Cognitive radio;Interference;Joints;Sensors;Signal to noise ratio;Throughput;Cognitive radio;energy detection;multiple primary users;primary user traffic;sensing-throughput tradeoff}, 
doi={10.1109/LCOMM.2015.2393305}, 
ISSN={1089-7798},}


@ARTICLE{Gifford05, 
author={Gifford, W.M. and Win, M.Z. and Chiani, M.}, 
journal={IEEE Transactions on Wireless Communications}, 
title={Diversity with practical channel estimation}, 
year={2005}, 
month={July}, 
volume={4}, 
number={4}, 
pages={1935-1947}, 
keywords={channel estimation;diversity reception;error statistics;fading channels;maximum likelihood estimation;arbitrary distribution;asymptotic signal-to-noise ratio;bit error probability;channel estimation;channel-gain vector;correlated fading;diversity combining;estimation error;maximum-likelihood estimation;Channel estimation;Digital systems;Diversity reception;Error probability;Estimation error;Fading;Maximum likelihood estimation;RAKE receivers;Signal to noise ratio;Wireless communication;Channel-state information;diversity;estimation error;imperfect channel knowledge;maximal-ratio combining;weighting errors}, 
doi={10.1109/TWC.2005.852127}, 
ISSN={1536-1276},}

@ARTICLE{Gifford08, 
author={Gifford, W.M. and Win, M.Z. and Chiani, M.}, 
journal={IEEE Transactions on Wireless Communications}, 
title={Antenna subset diversity with non-ideal channel estimation}, 
year={2008}, 
month={May}, 
volume={7}, 
number={5}, 
pages={1527-1539}, 
keywords={Rayleigh channels;antennas;channel estimation;diversity reception;error statistics;maximum likelihood estimation;telecommunication signalling;antenna subset diversity;independent identically distributed Rayleigh fading channel;maximum likelihood estimation;nonideal channel estimation;symbol error probability;two-dimensional signaling constellation;wireless system;Channel estimation;Constellation diagram;Diversity reception;Error probability;Estimation error;Fading;Maximum likelihood estimation;Performance loss;Signal analysis;Signal to noise ratio}, 
doi={10.1109/TWC.2008.05744}, 
ISSN={1536-1276},}

@ARTICLE{Suraweera10, 
author={Suraweera, H.A. and Smith, P.J. and Shafi, M.}, 
journal={IEEE Transactions on Vehicular Technology}, 
title={Capacity Limits and Performance Analysis of Cognitive Radio With Imperfect Channel Knowledge}, 
year={2010}, 
month={May}, 
volume={59}, 
number={4}, 
pages={1811-1822}, 
keywords={channel estimation;cognitive radio;error statistics;interference (signal);BER;CSI quantization;SU transmit power constraint;capacity limit;channel-state information;closed-form average bit-error-rate;cognitive radio;cumulative-distribution function;imperfect channel knowledge;interference power constraint;spectrum utilization;Average bit error rate (BER);channel capacity;cognitive radio (CR);partial channel-state information (CSI);quantized feedback}, 
doi={10.1109/TVT.2010.2043454}, 
ISSN={0018-9545},}


@ARTICLE{Anna05, 
author={Annavajjala, R. and Milstein, L.B.}, 
journal={IEEE Transactions on Wireless Communications}, 
title={{Performance analysis of linear diversity-combining schemes on Rayleigh fading channels with binary signaling and Gaussian weighting errors}}, 
year={2005}, 
month={Sept}, 
volume={4}, 
number={5}, 
pages={2267-2278}, 
keywords={Gaussian channels;Rayleigh channels;channel estimation;diversity reception;error statistics;phase shift keying;telecommunication signalling;Gaussian weighting error;Rayleigh fading channel;binary phase shift keying;binary signaling;channel estimation;error probability;generalized-selection combining;in-phase correlation;linear diversity-combining scheme;maximal-ratio combining;signal-to-noise ratio;Binary phase shift keying;Channel estimation;Density functional theory;Diversity reception;Error analysis;Error probability;Fading;Performance analysis;Phase shift keying;Signal analysis;Channel estimation;Gaussian processes;Rayleigh fading;diversity reception;fading channels}, 
doi={10.1109/TWC.2005.853834}, 
ISSN={1536-1276},}


@book{abramo,
  address = {New York},
  author = {Abramowitz, Milton and Stegun, Irene A.},
  edition = {{ninth Dover printing, tenth GPO printing}},
  keywords = {Handbook},
  publisher = {Dover},
  title = {Handbook of Mathematical Functions with Formulas, Graphs, and Mathematical Tables},
  year = 1964
}


@ARTICLE{Gans71, 
author={Gans, M.J.}, 
journal={IEEE Transactions on Communication Technology}, 
title={{The Effect of Gaussian Error in Maximal Ratio Combiners}}, 
year={1971}, 
month={August}, 
volume={19}, 
number={4}, 
pages={492-500}, 
keywords={Bandwidth;Communications technology;Decorrelation;Distributed computing;Diversity reception;Fading;Frequency;Power amplifiers;Radio communication;Signal to noise ratio}, 
doi={10.1109/TCOM.1971.1090666}, 
ISSN={0018-9332},}


@ARTICLE{Vicario06, 
author={Vicario, J.L. and Anton-Haro, C.}, 
journal={Communications Letters, IEEE}, 
title={Analytical assessment of multi-user vs. spatial diversity trade-offs with delayed channel state information}, 
year={2006}, 
month={Aug}, 
volume={10}, 
number={8}, 
pages={588-590}, 
keywords={block codes;cellular radio;channel coding;diversity reception;probability;space-time codes;OSTBC transmission scheme;SISO scheme;cellular system;closed-form expression;cumulative density function;delayed channel state information;feedback channel;multiuser diversity;orthogonal space-time block coding;probability density function;single-input single-output;spatial diversity;Base stations;Block codes;Channel state information;Closed-form solution;Delay;Fading;Feedback;Information analysis;Robustness;Signal to noise ratio}, 
doi={10.1109/LCOMM.2006.1665119}, 
ISSN={1089-7798},}

@book{NIST,
      editor = "F.~W.~J. Olver and D.~W. Lozier and R.~F. Boisvert and C.~W. Clark",
       title = "{NIST Handbook of Mathematical Functions}",
   publisher = "Cambridge University Press",
     address = "New York, NY",
        year = "2010"}

@inproceedings{peh07,
author={Peh, E. and Ying-Chang Liang}, 
booktitle={IEEE Wireless Communications and Networking Conference (WCNC)}, 
title={Optimization for Cooperative Sensing in Cognitive Radio Networks}, 
year={2007}, 
month={March}, 
pages={27-32}, 
keywords={cognitive radio;cooperative systems;radio networks;cognitive radio networks;cooperative sensing;detection probability;false alarm probability;signal to noise ratio;Base stations;Cognitive radio;Communications Society;Computer simulation;Detectors;FCC;Frequency;Protection;Signal to noise ratio;TV}, 
doi={10.1109/WCNC.2007.11}, 
ISSN={1525-3511},}


@INPROCEEDINGS{Wang09, 
author={Tinghuai Wang and Yunfei Chen and Hines, E.L. and Bo Zhao}, 
booktitle={Fourth International Conference on Communications and Networking in China}, 
title={Analysis of effect of primary user traffic on spectrum sensing performance}, 
year={2009}, 
month={Aug}, 
pages={1-5}, 
keywords={cognitive radio;radio spectrum management;telecommunication traffic;wireless channels;cognitive radio;collaborative spectrum sensing;local spectrum sensing;primary user traffic;spectrum sensing performance;user channel state;Chromium;Collaboration;Detectors;Frequency;Interference;Matched filters;Performance analysis;Signal detection;Signal to noise ratio;Traffic control}, 
doi={10.1109/CHINACOM.2009.5339899},}


@ARTICLE{Tang11, 
author={Tang, Liang and Yunfei Chen and Hines, E.L. and Alouini, M.-S.}, 
journal={IEEE Transactions on Wireless Communications}, 
title= {{Effect of Primary User Traffic on Sensing-Throughput Tradeoff for Cognitive Radios}}, 
year={2011}, 
month={April}, 
volume={10}, 
number={4}, 
pages={1063-1068}, 
keywords={cognitive radio;radio spectrum management;telecommunication traffic;cognitive radio;primary channel condition;primary user traffic;secondary network;sensing-throughput tradeoff;signal-to-noise ratio;traffic intensity;Channel capacity;Cognitive radio;Degradation;Indexes;Sensors;Signal to noise ratio;Throughput;Cognitive radio;primary user traffic;spectrum sensing}, 
doi={10.1109/TWC.2011.020111.101870}, 
ISSN={1536-1276},}


@ARTICLE{Zhao12, 
author={Bo Zhao and Yunfei Chen and Chen He and Lingge Jiang}, 
journal={IEEE Transactions on Vehicular Technology}, 
title={Performance Analysis of Spectrum Sensing With Multiple Primary Users}, 
year={2012}, 
month={Feb}, 
volume={61}, 
number={2}, 
pages={914-918}, 
keywords={cognitive radio;telecommunication traffic;cognitive radio;primary user traffic;spectrum-sensing performance;Detectors;Error probability;Mathematical model;Numerical models;Tin;Zinc;Cognitive radio (CR);primary user traffic;spectrum sensing}, 
doi={10.1109/TVT.2012.2183010}, 
ISSN={0018-9545},}

%author={Rappaport and others},
@ARTICLE{Rapp13,
journal={IEEE Access},
author={Rappaport, T.S. and Shu Sun and Mayzus, R. and Hang Zhao and Azar, Y. and Wang, K. and Wong, G.N. and Schulz, J.K. and Samimi, M. and Gutierrez, F.}, 
title="{Millimeter Wave Mobile Communications for 5G Cellular: It Will Work!}",
year={2013},
month={},
volume={1},
pages={335-349},
keywords={broadband networks;cellular radio;directive antennas;millimetre wave propagation;mobile radio;5G cellular;broadband cellular communication network;cellular mm-wave propagation;densely populated indoor environment;densely populated outdoor environment;frequency 28 GHz;frequency 38 GHz;global bandwidth shortage;millimeter wave frequency spectrum;millimeter wave mobile communication;steerable directional antenna;wireless carrier;Base stations;Computer architecture;Directional antennas;MIMO;Microprocessors;Millimeter wave technology;Mobile communication;Wireless communication;28 GHz;38 GHz;5G;MIMO;cellular;channel models;directional antennas;millimeter wave propagation measurements;mobile communications},
doi={10.1109/ACCESS.2013.2260813},
ISSN={2169-3536},}


@ARTICLE{Stoica03, 
author={Stoica, Petre and Besson, O.}, 
journal={IEEE Transactions on Communications}, 
title={Training sequence design for frequency offset and frequency-selective channel estimation}, 
year={2003}, 
volume={51}, 
number={11}, 
pages={1910-1917}, 
keywords={channel estimation;frequency estimation;minimax techniques;CRB;Cramer-Rao bound;closed-form expression;frequency offset estimation;frequency-selective channel estimation;minmax approach;training sequence design;white sequence;Channel estimation;Closed-form solution;Design optimization;Digital communication;Frequency estimation;Frequency synchronization;Maximum likelihood estimation;Minimax techniques;Partial transmit sequences;Probes}, 
doi={10.1109/TCOMM.2003.819199}, 
ISSN={0090-6778}, 
month={Nov},}


@ARTICLE{Chav11, 
author={Chavali, V.G. and da Silva, C.R.C.M.}, 
journal={Vehicular Technology, IEEE Transactions on}, 
title={Collaborative Spectrum Sensing Based on a New SNR Estimation and Energy Combining Method}, 
year={2011}, 
volume={60}, 
number={8}, 
pages={4024-4029}, 
keywords={cognitive radio;signal detection;SNR estimation;collaborative spectrum sensing;energy combining method;weighted data combining;Collaboration;Correlation;Energy measurement;Estimation;Reliability;Sensors;Signal to noise ratio;Cognitive radio;collaborative spectrum sensing;distributed detection;energy detection;signal detection}, 
doi={10.1109/TVT.2011.2166284}, 
ISSN={0018-9545}, 
month={Oct},}

@ARTICLE{Cao14, 
author={Ning Cao and Minghe Mao and Yunfei Chen and Min Long}, 
journal={IET Science, Measurement and Technology}, 
title={Analysis of collaborative spectrum sensing with binary phase shift keying signal power estimation errors}, 
year={2014}, 
volume={8}, 
number={6}, 
pages={350-358}, 
keywords={diversity reception;error statistics;maximum likelihood estimation;modulation;phase shift keying;radio spectrum management;telecommunication traffic;binary phase shift keying signal power estimation error;collaborative spectrum sensing analysis;complexity;conventional equal gain combining method;maximum likelihood principle;noniterative blind estimation method;optimal combining method;primary user signal power modulation;primary user traffic effect;reliability;weighted linear combining method}, 
doi={10.1049/iet-smt.2013.0218}, 
ISSN={1751-8822}, 
month={},}


@INPROCEEDINGS{Sall09, 
author={Sallent, O. and Perez-Romero, J. and Agusti, R. and Cordier, P.}, 
booktitle={ IEEE International Conference on Communications Workshops}, 
title={Cognitive Pilot Channel Enabling Spectrum Awareness}, 
year={2009}, 
pages={1-6}, 
keywords={cognitive radio;radio spectrum management;wireless channels;CPC dimensioning methodology;cognitive pilot channel;flexible spectrum management scenario;spectrum awareness;3G mobile communication;Cognitive radio;Frequency;GSM;Land mobile radio;Radio communication;Radio spectrum management;Rats;Switches;Telecommunication standards}, 
doi={10.1109/ICCW.2009.5208060}, 
month={June},}
