% This file was created with JabRef 2.6.
% Encoding: Cp1252


@ARTICLE{Urkowitz, 
author={Urkowitz, H.}, 
journal={Proceedings of the IEEE}, title={Energy detection of unknown deterministic signals}, 
year={1967}, 
month={april}, 
volume={55}, 
number={4}, 
pages={ 523 - 531}, 
keywords={}, 
doi={10.1109/PROC.1967.5573}, 
ISSN={0018-9219},}

@ARTICLE{Haykin, 
author={Haykin, S.}, 
journal=IEEE_J_JSAC, 
title="{Cognitive radio: brain-empowered wireless communications}", 
year={2005}, 
month={Feb.}, 
volume={23}, 
number={2}, 
pages={ 201 - 220}, 
keywords={ brain-empowered wireless communication; channel-state estimation; cognitive radio; interference temperature; machine learning; predictive modeling; radio electromagnetic spectrum; radio-scene analysis; software-defined radio; stochastic games; transmit-power control; understanding-by-building; channel estimation; cognitive systems; learning (artificial intelligence); power control; radio spectrum management; software radio; stochastic games;}, 
doi={10.1109/JSAC.2004.839380}, 
ISSN={0733-8716},}


@article{Song14, 
author={Song, X. and Yin, C. and Liu, D. and Zhang, R.}, 
journal=IEEE_J_JSAC, 
title="{Spatial Throughput Characterization in Cognitive Radio Networks with Threshold-Based Opportunistic Spectrum Access}", 
year={2014}, 
month={Nov.}, 
volume={PP}, 
number={99}, 
pages={1-15}, 
keywords={Cognitive radio;Poisson point process;coverage probability;opportunistic spectrum access;spatial opportunity;spatial throughput;stochastic geometry}, 
doi={10.1109/JSAC.2014.1411RP05}, 
ISSN={0733-8716},}

@BOOK{Tse05,
    author = {David Tse and Pramod Viswanath},
    title ="{Fundamentals of Wireless Communication}",
    publisher = {Cambridge University Press},
    year = {2005}
}

@misc{LectureR,
  Author = {Gallager, Robert},
  Institution = {Massachusetts Institute of Technology},
  Howpublished = {MIT Opencourseware, Course Notes, MIT Course Number 6.262},
  Year = {2011},
  Title = {{Discrete Stochastic Processes.}}
}

@ARTICLE{Haenggi08now,
  author = {M. Haenggi and R. K. Ganti},
  date-added = {2009-11-05 11:46:45 -0500},
  date-modified = {2010-04-25 14:49:03 -0400},
  journal = {Foundations and Trends in Networking},
  note = {Available at \url{http://www.nd.edu/~mhaenggi/pubs/now.pdf}},
  number = {2},
  pages = {127--248},
  title = {{Interference in Large Wireless Networks}},
  volume = {3},
  year = 2008
}

@book{grad,
  author = {Gradshteyn, I. S. and Ryzhik, I. M.},
  edition = {Sixth},
  isbn = {0-12-294757-6},
  keywords = {reference},
  pages = {xlvii+1163},
  publisher = {San Diego, CA: Academic Press. },
  title = {{Table of Integrals, Series, and Products}},
  year = {2000}
}

@book{Kay,
  title={Fundamentals of Statistical Signal Processing: Detection theory},
  author={Kay, S.M.},
  isbn={9780135041352},
  series={Prentice Hall Signal Processing Series},
  year={1998},
  publisher={Prentice-Hall PTR}
}


@ARTICLE{Kusal12, 
author={Kusaladharma, S. and Tellambura, C.}, 
journal={IEEE Wireless Commun. Lett.}, 
title="{Aggregate Interference Analysis for Underlay Cognitive Radio Networks}", 
year={2012}, 
month={Dec.}, 
volume={1}, 
number={6}, 
pages={641-644}, 
keywords={Rayleigh channels;approximation theory;cognitive radio;gamma distribution;radio networks;radio transmitters;radiofrequency interference;Rayleigh fading channel;aggregate interference analysis;asymptotic approximation;cognitive radio transmitters;composite model;exact closed-form moment generating function;finite ring;gamma distribution;path loss;shadowing;underlay cognitive radio networks;Aggregates;Approximation methods;Cognitive radio;Fading;Interference;Shadow mapping;Cognitive radio;aggregate interference;outage probability;shadowing}, 
doi={10.1109/WCL.2012.091312.120600}, 
ISSN={2162-2337},}

@ARTICLE{Kusal13, 
author={Kusaladharma, S. and Tellambura, C.}, 
journal=IEEE_J_COML, 
title="{Impact of Beacon Misdetection on Aggregate Interference for Hybrid Underlay-Interweave Networks}", 
year={2013}, 
month={Nov.}, 
volume={17}, 
number={11}, 
pages={2052-2055}, 
keywords={cognitive radio;probability;Poisson field;Rayleigh fading;aggregate interference;beacon misdetection;cognitive radio nodes;hybrid underlay interweave CR systems;hybrid underlay interweave networks;interference statistics;interweave node transmissions;outage probability;underlay nodes;Aggregates;Cognitive radio;Interference;Lead;Rayleigh channels;Receivers;Cognitive radio;aggregate interference;beacon transmission;outage probability}, 
doi={10.1109/LCOMM.2013.091913.131127}, 
ISSN={1089-7798},}


@INPROCEEDINGS{Guo13, 
author={Yuchen Guo and Yingchun Ma and Kai Niu and Jiaru Lin}, 
booktitle={Vehicular Technology Conference (VTC Spring), 2013 IEEE 77th}, 
title={{Transmission Capacity of Cognitive Radio Networks with Interference Avoidance}}, 
year={2013}, 
month={Jun.}, 
pages={1-5}, 
keywords={cognitive radio;interference suppression;probability;radio transmitters;CRN;closed-form expression;cognitive radio networks;communication rate;interference avoidance;outage probability constraints;preservation range;primary network;reception probability;secondary network;spectrum sharing scheme;transmission capacity;transmitter density;Cognitive radio;Gain;Interference;Radio transmitters;Receivers;Wireless networks}, 
doi={10.1109/VTCSpring.2013.6692793}, 
ISSN={1550-2252},}

@ARTICLE{Lee12, 
author={Lee, C. and Haenggi, M.}, 
journal=IEEE_J_WCOM, 
title={{Interference and Outage in Poisson Cognitive Networks}}, 
year={2012}, 
month={Apr.}, 
volume={11}, 
number={4}, 
pages={1392-1401}, 
keywords={cognitive radio;pattern clustering;probability;radio transmitters;radiofrequency interference;stochastic processes;Poisson cluster process;Poisson cognitive networks;Poisson hole process;bipolar network model;cognitive transmitter;cognitive users;independent Poisson point processes;interference;outage probability;primary user exclusion regions;Geometry;Interference;Laplace equations;Rayleigh channels;Receivers;Transmitters;Cognitive radio;Poisson cluster process;Poisson point process;cognitive network;interference modeling;stochastic geometry}, 
doi={10.1109/TWC.2012.021512.110131}, 
ISSN={1536-1276},}

@ARTICLE{Goldsmith09, 
author={Goldsmith, A. and Jafar, S.A. and Maric, I. and Srinivasa, S.}, 
journal={Proceedings of the IEEE}, 
title="{Breaking Spectrum Gridlock With Cognitive Radios: An Information Theoretic Perspective}", 
year={2009}, 
month={May}, 
volume={97}, 
number={5}, 
pages={894-914}, 
keywords={cognitive radio;a priori rules;cognitive radios;degree of freedom;information theoretic perspective;intelligent wireless communication device;spectrum gridlock;spectrum utilization;wireless network design;Availability;Bandwidth;Cognitive radio;FCC;Frequency;Guidelines;Radio spectrum management;Telecommunication standards;Wireless communication;Wireless networks;Capacity;cognitive radio;degrees of freedom;interweave;overlay;side information;underlay}, 
doi={10.1109/JPROC.2009.2015717}, 
ISSN={0018-9219},}


@ARTICLE{Ghasemi08, 
author={Ghasemi, A. and Sousa, E.S.}, 
journal=IEEE_J_STSP, 
title={{Interference Aggregation in Spectrum-Sensing Cognitive Wireless Networks}}, 
year={2008}, 
month={Feb.}, 
volume={2}, 
number={1}, 
pages={41-56}, 
keywords={cognitive radio;radio spectrum management;statistical analysis;cognitive radio networks;dynamic spectrum access;interference aggregation;licensed frequency bands;radio spectrum;spectrum-sensing cognitive wireless networks;statistical model;Aggregates;Cognitive radio;FCC;Frequency;Interference;Power system modeling;Radio spectrum management;White spaces;Wireless networks;Wireless sensor networks;Aggregate interference;cognitive radio;spectrum sensing}, 
doi={10.1109/JSTSP.2007.914897}, 
ISSN={1932-4553},}

@INPROCEEDINGS{Kaushik13,
author={Kaushik, Ankit and Mueller, Marcus and Jondral, Friedrich K.},
booktitle={Proceedings of the Tenth International Symposium on Wireless Communication Systems (ISWCS 2013)},
title="{Cognitive Relay: Detecting Spectrum Holes in a Dynamic Scenario}",
year={2013},
month={{Apr.}},
pages={1-2},}


@INPROCEEDINGS{Kaushik14,
author={Kaushik, Ankit and Raza, M. Rehan and Jondral, Friedrich K.},
booktitle={CROWNCOM},
title="{On the Deployment of Cognitive Relay as Underlay Systems}",
year={2014},
month={Jun.},
}


@ARTICLE{ElSawy13, 
author={ElSawy, H. and Hossain, E. and Haenggi, M.}, 
journal={IEEE Communications Surveys Tutorials}, 
title="{Stochastic Geometry for Modeling, Analysis, and Design of Multi-Tier and Cognitive Cellular Wireless Networks: A Survey}", 
year={2013}, 
month={Jun.}, 
volume={15}, 
number={3}, 
pages={996-1019}, 
keywords={cellular radio;cognitive radio;geometry;performance evaluation;radiofrequency interference;stochastic processes;cognitive cellular wireless networks;interference characterization;large-scale ad hoc wireless networks;multitier cellular wireless networks;performance evaluation technique;point process;stochastic geometry models;target network model;taxonomy;Cellular networks;Cognitive radio;Geometry;Interference estimation;Stochastic processes;Wireless networks;Multi-tier cellular networks;cognitive networks;heterogeneous networks (HetNets);interference modeling;stochastic geometry}, 
doi={10.1109/SURV.2013.052213.00000}, 
ISSN={1553-877X},}


@book{Haenggi,
  author = {Haenggi, Martin},
  isbn = {978-1-107-01469-5},
  pages = {I-XV, 1-284},
  publisher = {Cambridge University Press},
  title = {Stochastic Geometry for Wireless Networks.},
  year = 2013
}


@ARTICLE{Tan12,
author={Tanbourgi, R. and Elsner, J.P. and Jaekel, Holger and Jondral, Freidrich K.},
journal={IEEE Wireless Commun Lett},
title={{Adaptive Frequency Hopping in Ad Hoc Networks with Rayleigh Fading and Imperfect Sensing}},
year={2012},
month={Jun.},
volume={1},
number={3},
pages={185-188},
keywords={Rayleigh channels;ad hoc networks;optimisation;probability;radiofrequency interference;AFH sensing techniques;ASE;Rayleigh fading;adaptive frequency hopping;area spectral efficiency;carrier detection based sensing;imperfect sensing;packet error rate;probabilistic model;received signal strength sensing;self-interference;self-varying external interference;slow-varying external interference;system optimization;wireless ad hoc networks;Ad hoc networks;Fading;Interference;Probes;Sensors;Wireless communication;Wireless sensor networks;Adaptive frequency hopping;ad hoc networks;area spectral efficiency},
doi={10.1109/WCL.2012.031512.120034},
ISSN={2162-2337},}


@ARTICLE{Sonn92,
author={Sonnenschein, A and Fishman, P.M.},
journal={IEEE Transactions on Aerospace and Electronic Systems, },
title={Radiometric detection of spread-spectrum signals in noise of uncertain power},
year={1992},
month={Jul},
volume={28},
number={3},
pages={654-660},
keywords={probability;radiometry;signal detection;white noise;noise power density;peak-to-peak noise uncertainty;power spectral density;probability of interception;radiometric detectability;signal-to-noise ratio;spread-spectrum signals;standard analysis;time-bandwidth;uncertain knowledge;white Gaussian noise;wideband radiometer;worst case performance;Density measurement;Gaussian noise;Measurement standards;Power measurement;Radiometry;Signal analysis;Signal detection;Signal to noise ratio;Spread spectrum communication;Uncertainty},
doi={10.1109/7.256287},
ISSN={0018-9251},}


@ARTICLE{Tan08,
author={Tandra, R. and Sahai, A},
journal={IEEE Journal of Selected Topics in Signal Processing},
title={{SNR Walls for Signal Detection}},
year={2008},
month={Feb},
volume={2},
number={1},
pages={4-17},
keywords={cognitive radio;fading channels;mathematical analysis;signal detection;SNR wall;cognitive radio;fading channel;mathematical model;signal detection;uncertainty modeling;wireless spectrum regulator;Detectors;Fading;Interference;Mathematical model;Measurement;Noise robustness;Regulators;Signal detection;Signal to noise ratio;Uncertainty;Capacity robustness tradeoff;SNR wall;cognitive radio;coherent detection;noise calibration;noise uncertainty;radiometer;robust sensing},
doi={10.1109/JSTSP.2007.914879},
ISSN={1932-4553},}


@ARTICLE{Liang08, 
author={Ying-Chang Liang and Yonghong Zeng and Peh, E.C.Y. and Anh Tuan Hoang}, 
journal={IEEE Transactions on Wireless Communications,}, 
title={{Sensing-Throughput Tradeoff for Cognitive Radio Networks}}, 
year={2008}, 
month={April}, 
volume={7}, 
number={4}, 
pages={1326-1337}, 
keywords={cognitive radio;distributed sensors;probability;cognitive radio networks;cooperative sensing;detection probability;distributed spectrum sensing;energy detection sensing scheme;false alarm probability;frequency 6 MHz;frequency bands;radio frequency environment;secondary network;sensing duration;sensing-throughput tradeoff;spectrum reuse functionality;time 100 ms;Cognitive radio;Computer simulation;FCC;Helium;Protection;Radio frequency;Receivers;TV;Throughput;Wireless sensor networks}, 
doi={10.1109/TWC.2008.060869}, 
ISSN={1536-1276},}


@ARTICLE{Jiang13, 
author={Xueyuan Jiang and Kai-Kit Wong and Yangyang Zhang and Edwards, D.}, 
journal={IEEE Transactions on Vehicular Technology, }, 
title= {{On Hybrid Overlay-Underlay Dynamic Spectrum Access: Double-Threshold Energy Detection and Markov Model}}, 
year={2013}, 
month={Oct}, 
volume={62}, 
number={8}, 
pages={4078-4083}, 
keywords={Markov processes;overlay networks;radio spectrum management;signal detection;DSA scheme;Markov chain model;double-threshold energy detection method;hybrid overlay-underlay dynamic spectrum access;partial-access mode;system interfering probability performance;Cognitive radio (CR);double-threshold energy detection;dynamic spectrum access (DSA);hybrid access}, 
doi={10.1109/TVT.2013.2258360}, 
ISSN={0018-9545},}

@ARTICLE{Sharma13,
author={Sharma, S.K. and Chatzinotas, S. and Ottersten, B.},
journal={IEEE Transactions on Wireless Communications},
title={{SNR Estimation for Multi-dimensional Cognitive Receiver under Correlated Channel/Noise}},
year={2013},
month={December},
volume={12},
number={12},
pages={6392-6405},
keywords={channel estimation;cognitive radio;covariance matrices;eigenvalues and eigenfunctions;radio receivers;radio spectrum management;signal detection;statistical distributions;CR receiver;CR sensing module;MSE;PU SNR;SNR estimation techniques;a.e.p.d.f;asymptotic eigenvalue probability distribution function;channel correlation;cognitive radio;correlated channel-noise;eigenvalue-based SS techniques;multidimensional cognitive receiver;noise correlation;normalized mean square error;primary signals;received signal covariance matrix;signal plus noise hypothesis;signal to noise ratio;spectrum sensing capability;underlay techniques;white noise;Channel estimation;Correlation;Covariance matrices;Estimation;Sensors;Signal to noise ratio;Cognitive radio (CR);channel/noise correlation;random matrix theory (RMT);signal to noise ratio (SNR) estimation;spectrum sensing (SS)},
doi={10.1109/TWC.2013.103113.130523},
ISSN={1536-1276},}

@INPROCEEDINGS{Sharma14,
author={Sharma, S.K. and Chatzinotas, S. and Ottersten, B.},
booktitle={CROWNCOM},
title="{A hybrid cognitive transceiver architecture: Sensing-throughput tradeoff}",
year={2014},
month={Jun.},
}

@ARTICLE{Juarez11, 
author={Cardenas-Juarez, M. and Ghogho, M.}, 
journal={IEEE Communications Letters}, 
title={{Spectrum Sensing and Throughput Trade-off in Cognitive Radio under Outage Constraints over Nakagami Fading}}, 
year={2011}, 
month={October}, 
volume={15}, 
number={10}, 
pages={1110-1113}, 
keywords={Nakagami channels;cognitive radio;cooperative communication;radio networks;Nakagami fading conditions;Nakagami fading distribution;Rayleigh fading;channel-dependent probability;cooperative cognitive radio network;energy detector;fading operational conditions;maximum outage probability;optimum sensing time;optimum spectrum sensing duration;outage constraints;throughput trade-off;Cognitive radio;Nakagami distribution;Rayleigh channels;Sensors;Signal to noise ratio;Throughput;Spectrum sensing;cooperative networks;energy detector}, 
doi={10.1109/LCOMM.2011.080811.111127}, 
ISSN={1089-7798},}

@INPROCEEDINGS{Sharkasi12, 
author={Sharkasi, Y.F. and Ghogho, M. and McLernon, D.}, 
booktitle={ISWCS, }, 
title={{Sensing-throughput tradeoff for OFDM-based cognitive radio under outage constraints}}, 
year={2012}, 
month={Aug}, 
pages={66-70}, 
keywords={Nakagami channels;OFDM modulation;Rician channels;AD;Nakagami-m channels;Nakagami-m fading parameter;OFDM signal;OFDM-based cognitive radio;Rician factor;Rician fading channels;autocorrelation detector;energy detector;fading environments;false alarm probability;outage constraints;sensing-throughput tradeoff}, 
doi={10.1109/ISWCS.2012.6328331}, 
ISSN={2154-0217},}

@ARTICLE{Xing07, 
author={Yiping Xing and Mathur, C.N. and Haleem, M.A. and Chandramouli, R. and Subbalakshmi, K.P.}, 
journal={ IEEE Transactions on Mobile Computing}, 
title={{Dynamic Spectrum Access with QoS and Interference Temperature Constraints}}, 
year={2007}, 
month={April}, 
volume={6}, 
number={4}, 
pages={423-433}, 
keywords={geometric programming;mobile radio;nonlinear programming;quality of service;radio links;radio spectrum management;radiofrequency interference;Nash equilibria;QoS;dynamic spectrum access;geometric programming techniques;interference temperature constraints;mobile communications;nonlinear optimization problem;quality of service;secondary links;secondary spectrum sharing;spectrum resource;stochastic learning;FCC;Interference constraints;Mobile communication;Quality of service;Radio frequency;Radiofrequency interference;Signal processing;Signal to noise ratio;Temperature;Wireless sensor networks;Wireless communication;access schemes;constrained optimization;mobile communication systems.}, 
doi={10.1109/TMC.2007.50}, 
ISSN={1536-1233},}


@INPROCEEDINGS{Tian12,
author={Tian Tian and Iwai, H. and Sasaoka, H.},
booktitle={VTC Spring},
title={{Pseudo BER Based SNR Estimation for Energy Detection Scheme in Cognitive Radio}},
year={2012},
month={May},
pages={1-5},
doi={10.1109/VETECS.2012.6240226},
ISSN={1550-2252},}


@INPROCEEDINGS{Jing10, 
author={Jun Jing and Lianguo Wu and Youyun Xu and Wenfeng Ma}, 
booktitle={WCSP}, 
title={Spectrum sharing through receiver beacons in fading channels}, 
year={2010}, 
month={Oct}, 
pages={1-5}, 
keywords={fading channels;interference;radio spectrum management;receivers;transmitters;beacon-assisted spectrum sharing framework;critical interference probability;device-level design parameter;fading channel;interference channel;near-optimal sharing;primary receiver;primary system;receiver beacons;secondary system;secondary transmitter;system-level design parameter;Correlation;Fading;Interference;Nakagami distribution;Receivers;Sensitivity;Sensors;Beacon Sensing;Cognitive Radio;Interference Probability;Spectrum Sharing}, 
doi={10.1109/WCSP.2010.5633293},}

@ARTICLE{Kaushik16,
AUTHOR={Ankit Kaushik and Shree Krishna Sharma and Symeon Chatzinotas and Bj{\"o}rn
Ottersten and Friedrich K. Jondral},
journal={IEEE Transactions on Wireless Communications},
title={{Sensing-Throughput Tradeoff for Interweave Cognitive Radio System: A Deployment-Centric Viewpoint}},
year={2016}, 
volume={PP}, 
number={99}, 
doi={10.1109/TWC.2016.2525986}, 
ISSN={1536-1276}, 
}


@ARTICLE{Kaushik16_CL,
AUTHOR={Ankit Kaushik and Shree Krishna Sharma and Symeon Chatzinotas and Bj{\"o}rn
Ottersten and Friedrich K. Jondral},
journal={IEEE Transactions on Cognitive Communications and Networking},
title={{On the Performance Analysis of Underlay Cognitive Radio Systems: A Deployment Perspective}},
note={(submitted)},
}


@ARTICLE{Kang09, 
author={Xin Kang and Ying-Chang Liang and Garg, H.K. and Lan Zhang}, 
journal={IEEE Transactions on Vehicular Technology}, 
title={Sensing-Based Spectrum Sharing in Cognitive Radio Networks}, 
year={2009}, 
volume={58}, 
number={8}, 
pages={4649-4654}, 
keywords={cognitive radio;frequency allocation;iterative methods;radiofrequency interference;Lagrange dual decomposition;cognitive radio network;ergodic capacity;interference power constraint;iterative algorithm;opportunistic spectrum access;optimal power allocation policy;optimization problem;sensing-based spectrum sharing model;spectrum allocation;Cognitive radio (CR);convex optimization;dual decomposition;ergodic capactiy;fading channels;opportunistic spectrum access;optimal power control;spectrum sharing}, 
doi={10.1109/TVT.2009.2018258}, 
ISSN={0018-9545}, 
month={Oct},}


@book{abramo,
  address = {New York},
  author = {Abramowitz, Milton and Stegun, Irene A.},
  edition = {{ninth Dover printing, tenth GPO printing}},
  keywords = {Handbook},
  publisher = {Dover},
  title = {Handbook of Mathematical Functions with Formulas, Graphs, and Mathematical Tables},
  year = 1964
}

@ARTICLE{Gifford08,
author={Gifford, W.M. and Win, M.Z. and Chiani, M.},
journal={IEEE Transactions on Wireless Communications},
title={Antenna subset diversity with non-ideal channel estimation},
year={2008},
month={May},
volume={7},
number={5},
pages={1527-1539},
keywords={Rayleigh channels;antennas;channel estimation;diversity reception;error statistics;maximum likelihood estimation;telecommunication signalling;antenna subset diversity;independent identically distributed Rayleigh fading channel;maximum likelihood estimation;nonideal channel estimation;symbol error probability;two-dimensional signaling constellation;wireless system;Channel estimation;Constellation diagram;Diversity reception;Error probability;Estimation error;Fading;Maximum likelihood estimation;Performance loss;Signal analysis;Signal to noise ratio},
doi={10.1109/TWC.2008.05744},
ISSN={1536-1276},}

@ARTICLE{Sharma15,
author={Sharma, S. and Bogale, T. and Chatzinotas, S. and Ottersten, B. and Le, L. and Wang, X.},
journal={IEEE Communications Surveys Tutorials},
title={{Cognitive Radio Techniques under Practical Imperfections: A Survey}},
year={2015},
month={Fourthquarter},
volume={17},
number={4},
pages={1858-1884},
keywords={Eigenvalues and eigenfunctions;Interference;Sensors;Signal to noise ratio;Transceivers;Uncertainty;Cognitive radio;channel uncertainty;noise uncertainty;spectrum sensing;transceiver imperfections;underlay},
doi={10.1109/COMST.2015.2452414},
ISSN={1553-877X},}


@INPROCEEDINGS{Oh10, 
author={Jinhyung Oh and Wan Choi}, 
booktitle={IEEE 72nd Vehicular Technology Conference Fall (VTC 2010-Fall)}, 
title={A Hybrid Cognitive Radio System: A Combination of Underlay and Overlay Approaches}, 
year={2010}, 
pages={1-5}, 
keywords={cognitive radio;queueing theory;radio spectrum management;hybrid cognitive radio system;overlay cognitive radio;queue stability;secondary network;secondary user;underlay cognitive radio;Chromium;Cognitive radio;Hybrid power systems;Interference;Radio transmitters;Throughput}, 
doi={10.1109/VETECF.2010.5594302}, 
ISSN={1090-3038}, 
month={Sept},}


@ARTICLE{Chakra09, 
author={Chakravarthy, V. and Xue Li and Zhiqiang Wu and Temple, Michael A. and Garber, F. and Kannan, R. and Vasilakos, A.}, 
journal={IEEE Transactions on Communications}, 
title={Novel overlay/underlay cognitive radio waveforms using SD-SMSE framework to enhance spectrum efficiency- part i: theoretical framework and analysis in AWGN channel}, 
year={2009}, 
volume={57}, 
number={12}, 
pages={3794-3804}, 
keywords={AWGN channels;OFDM modulation;channel capacity;code division multiple access;cognitive radio;fading channels;software radio;AWGN channel;CR-based software defined radio;SD-SMSE framework;channel capacity maximization;cognitive radio;dynamic spectrum access;fading channels;hierarchical DSA model;multi-carrier code division multiple access;orthogonal frequency domain multiplexing;overlay-underlay cognitive radio waveforms;spectrum availability;spectrum congestion;spectrum efficiency;spectrum overlay;AWGN channels;Additive white noise;Chromium;Cognitive radio;FCC;Gaussian noise;Multicarrier code division multiple access;OFDM;Performance analysis;Wireless communication;Cognitive radio;dynamic spectrum access;overlay waveform;spectrum efficiency;underlay waveform}, 
doi={10.1109/TCOMM.2009.12.080400}, 
ISSN={0090-6778}, 
month={December},}


@ARTICLE{Senthu12, 
author={Senthuran, S. and Anpalagan, A. and Das, O.}, 
journal={ IEEE Transactions on Wireless Communications}, 
title={Throughput Analysis of Opportunistic Access Strategies in Hybrid Underlay--Overlay Cognitive Radio Networks}, 
year={2012}, 
volume={11}, 
number={6}, 
pages={2024-2035}, 
keywords={Markov processes;Monte Carlo methods;cognitive radio;Markov chain analysis;Monte-Carlo simulation;channel sharing;hybrid underlay-overlay cognitive radio networks;interference level;opportunistic access strategies;primary user transition characteristic;secondary users;sensing capability;throughput analysis;throughput ratio;transmission mode;under-utilized spectrum resources;Cognitive radio;Interference;Markov processes;Sensors;Steady-state;Switches;Throughput;POMDP;cognitive radio;interweave;opportunistic access;overlay;underlay}, 
doi={10.1109/TWC.2012.032712.101209}, 
ISSN={1536-1276}, 
month={June},}
