% This file was created with JabRef 2.6.
% Encoding: Cp1252


@ARTICLE{Urkowitz, 
author={Urkowitz, H.}, 
journal={Proceedings of the IEEE}, title={Energy detection of unknown deterministic signals}, 
year={1967}, 
month={april}, 
volume={55}, 
number={4}, 
pages={ 523 - 531}, 
keywords={}, 
doi={10.1109/PROC.1967.5573}, 
ISSN={0018-9219},}

@ARTICLE{Haykin, 
author={Haykin, S.}, 
journal=IEEE_J_JSAC, 
title="{Cognitive radio: brain-empowered wireless communications}", 
year={2005}, 
month={Feb.}, 
volume={23}, 
number={2}, 
pages={ 201 - 220}, 
keywords={ brain-empowered wireless communication; channel-state estimation; cognitive radio; interference temperature; machine learning; predictive modeling; radio electromagnetic spectrum; radio-scene analysis; software-defined radio; stochastic games; transmit-power control; understanding-by-building; channel estimation; cognitive systems; learning (artificial intelligence); power control; radio spectrum management; software radio; stochastic games;}, 
doi={10.1109/JSAC.2004.839380}, 
ISSN={0733-8716},}


@BOOK{Tse05,
    author = {David Tse and Pramod Viswanath},
    title ="{Fundamentals of Wireless Communication}",
    publisher = {Cambridge University Press},
    year = {2005}
}

@misc{LectureR,
  Author = {Gallager, Robert},
  Institution = {Massachusetts Institute of Technology},
  Howpublished = {MIT Opencourseware, Course Notes, MIT Course Number 6.262},
  Year = {2011},
  Title = {{Discrete Stochastic Processes.}}
}


@book{grad,
  author = {Gradshteyn, I. S. and Ryzhik, I. M.},
  edition = {Sixth},
  isbn = {0-12-294757-6},
  keywords = {reference},
  pages = {xlvii+1163},
  publisher = {San Diego, CA: Academic Press. },
  title = {{Table of Integrals, Series, and Products}},
  year = {2000}
}

@ARTICLE{Goldsmith09, 
author={Goldsmith, A. and Jafar, S.A. and Maric, I. and Srinivasa, S.}, 
journal={Proceedings of the IEEE}, 
title="{Breaking Spectrum Gridlock With Cognitive Radios: An Information Theoretic Perspective}", 
year={2009}, 
month={May}, 
volume={97}, 
number={5}, 
pages={894-914}, 
keywords={cognitive radio;a priori rules;cognitive radios;degree of freedom;information theoretic perspective;intelligent wireless communication device;spectrum gridlock;spectrum utilization;wireless network design;Availability;Bandwidth;Cognitive radio;FCC;Frequency;Guidelines;Radio spectrum management;Telecommunication standards;Wireless communication;Wireless networks;Capacity;cognitive radio;degrees of freedom;interweave;overlay;side information;underlay}, 
doi={10.1109/JPROC.2009.2015717}, 
ISSN={0018-9219},}


@INPROCEEDINGS{Kaushik13,
author={Kaushik, Ankit and Mueller, Marcus and Jondral, Friedrich K.},
booktitle={Proceedings of the Tenth International Symposium on Wireless Communication Systems (ISWCS 2013)},
title="{Cognitive Relay: Detecting Spectrum Holes in a Dynamic Scenario}",
year={2013},
month={{Apr.}},
pages={1-2},}


@INPROCEEDINGS{Kaushik14,
author={Kaushik, Ankit and Raza, M. Rehan and Jondral, Friedrich K.},
booktitle={CROWNCOM},
title="{On the Deployment of Cognitive Relay as Underlay Systems}",
year={2014},
month={Jun.},
}

@article{Kaushik15,
AUTHOR={Ankit Kaushik and Shree Krishna Sharma and Symeon Chatzinotas and Bj{\"o}rn
Ottersten and Friedrich K. Jondral},
JOURNAL="IEEE ICC 2015 - Cognitive Radio and Networks Symposium (ICC'15 (12) CRN)",
TITLE="{Estimation-Throughput} Tradeoff for Underlay Cognitive Radio Systems",
MONTH=jun,
YEAR=2015,
}

@ARTICLE{Sonn92,
author={Sonnenschein, A and Fishman, P.M.},
journal={IEEE Transactions on Aerospace and Electronic Systems, },
title={Radiometric detection of spread-spectrum signals in noise of uncertain power},
year={1992},
month={Jul},
volume={28},
number={3},
pages={654-660},
keywords={probability;radiometry;signal detection;white noise;noise power density;peak-to-peak noise uncertainty;power spectral density;probability of interception;radiometric detectability;signal-to-noise ratio;spread-spectrum signals;standard analysis;time-bandwidth;uncertain knowledge;white Gaussian noise;wideband radiometer;worst case performance;Density measurement;Gaussian noise;Measurement standards;Power measurement;Radiometry;Signal analysis;Signal detection;Signal to noise ratio;Spread spectrum communication;Uncertainty},
doi={10.1109/7.256287},
ISSN={0018-9251},}


@ARTICLE{Tan08,
author={Tandra, R. and Sahai, A},
journal={IEEE Journal of Selected Topics in Signal Processing,},
title={{SNR Walls for Signal Detection}},
year={2008},
month={Feb},
volume={2},
number={1},
pages={4-17},
keywords={cognitive radio;fading channels;mathematical analysis;signal detection;SNR wall;cognitive radio;fading channel;mathematical model;signal detection;uncertainty modeling;wireless spectrum regulator;Detectors;Fading;Interference;Mathematical model;Measurement;Noise robustness;Regulators;Signal detection;Signal to noise ratio;Uncertainty;Capacity robustness tradeoff;SNR wall;cognitive radio;coherent detection;noise calibration;noise uncertainty;radiometer;robust sensing},
doi={10.1109/JSTSP.2007.914879},
ISSN={1932-4553},}


@ARTICLE{Liang08, 
author={Ying-Chang Liang and Yonghong Zeng and Peh, E.C.Y. and Anh Tuan Hoang}, 
journal={IEEE Transactions on Wireless Communications,}, 
title={{Sensing-Throughput Tradeoff for Cognitive Radio Networks}}, 
year={2008}, 
month={April}, 
volume={7}, 
number={4}, 
pages={1326-1337}, 
keywords={cognitive radio;distributed sensors;probability;cognitive radio networks;cooperative sensing;detection probability;distributed spectrum sensing;energy detection sensing scheme;false alarm probability;frequency 6 MHz;frequency bands;radio frequency environment;secondary network;sensing duration;sensing-throughput tradeoff;spectrum reuse functionality;time 100 ms;Cognitive radio;Computer simulation;FCC;Helium;Protection;Radio frequency;Receivers;TV;Throughput;Wireless sensor networks}, 
doi={10.1109/TWC.2008.060869}, 
ISSN={1536-1276},}


@ARTICLE{Jiang13, 
author={Xueyuan Jiang and Kai-Kit Wong and Yangyang Zhang and Edwards, D.}, 
journal={IEEE Transactions on Vehicular Technology, }, 
title={On Hybrid Overlay-Underlay Dynamic Spectrum Access: Double-Threshold Energy Detection and Markov Model}, 
year={2013}, 
month={Oct}, 
volume={62}, 
number={8}, 
pages={4078-4083}, 
keywords={Markov processes;overlay networks;radio spectrum management;signal detection;DSA scheme;Markov chain model;double-threshold energy detection method;hybrid overlay-underlay dynamic spectrum access;partial-access mode;system interfering probability performance;Cognitive radio (CR);double-threshold energy detection;dynamic spectrum access (DSA);hybrid access}, 
doi={10.1109/TVT.2013.2258360}, 
ISSN={0018-9545},}

@ARTICLE{Sharma13,
author={Sharma, S.K. and Chatzinotas, S. and Ottersten, B.},
journal={IEEE Transactions on Wireless Communications},
title={{SNR Estimation for Multi-dimensional Cognitive Receiver under Correlated Channel/Noise}},
year={2013},
month={December},
volume={12},
number={12},
pages={6392-6405},
keywords={channel estimation;cognitive radio;covariance matrices;eigenvalues and eigenfunctions;radio receivers;radio spectrum management;signal detection;statistical distributions;CR receiver;CR sensing module;MSE;PU SNR;SNR estimation techniques;a.e.p.d.f;asymptotic eigenvalue probability distribution function;channel correlation;cognitive radio;correlated channel-noise;eigenvalue-based SS techniques;multidimensional cognitive receiver;noise correlation;normalized mean square error;primary signals;received signal covariance matrix;signal plus noise hypothesis;signal to noise ratio;spectrum sensing capability;underlay techniques;white noise;Channel estimation;Correlation;Covariance matrices;Estimation;Sensors;Signal to noise ratio;Cognitive radio (CR);channel/noise correlation;random matrix theory (RMT);signal to noise ratio (SNR) estimation;spectrum sensing (SS)},
doi={10.1109/TWC.2013.103113.130523},
ISSN={1536-1276},}

@INPROCEEDINGS{Sharma14,
author={Sharma, S.K. and Chatzinotas, S. and Ottersten, B.},
booktitle={CROWNCOM},
title="{A hybrid cognitive transceiver architecture: Sensing-throughput tradeoff}",
year={2014},
month={Jun.},
}

@ARTICLE{Juarez11, 
author={Cardenas-Juarez, M. and Ghogho, M.}, 
journal={IEEE Communications Letters}, 
title={{Spectrum Sensing and Throughput Trade-off in Cognitive Radio under Outage Constraints over Nakagami Fading}}, 
year={2011}, 
month={October}, 
volume={15}, 
number={10}, 
pages={1110-1113}, 
keywords={Nakagami channels;cognitive radio;cooperative communication;radio networks;Nakagami fading conditions;Nakagami fading distribution;Rayleigh fading;channel-dependent probability;cooperative cognitive radio network;energy detector;fading operational conditions;maximum outage probability;optimum sensing time;optimum spectrum sensing duration;outage constraints;throughput trade-off;Cognitive radio;Nakagami distribution;Rayleigh channels;Sensors;Signal to noise ratio;Throughput;Spectrum sensing;cooperative networks;energy detector}, 
doi={10.1109/LCOMM.2011.080811.111127}, 
ISSN={1089-7798},}

@INPROCEEDINGS{Sharkasi12, 
author={Sharkasi, Y.F. and Ghogho, M. and McLernon, D.}, 
booktitle={ISWCS, }, 
title={{Sensing-throughput tradeoff for OFDM-based cognitive radio under outage constraints}}, 
year={2012}, 
month={Aug}, 
pages={66-70}, 
keywords={Nakagami channels;OFDM modulation;Rician channels;AD;Nakagami-m channels;Nakagami-m fading parameter;OFDM signal;OFDM-based cognitive radio;Rician factor;Rician fading channels;autocorrelation detector;energy detector;fading environments;false alarm probability;outage constraints;sensing-throughput tradeoff}, 
doi={10.1109/ISWCS.2012.6328331}, 
ISSN={2154-0217},}

@ARTICLE{Xing07, 
author={Yiping Xing and Mathur, C.N. and Haleem, M.A. and Chandramouli, R. and Subbalakshmi, K.P.}, 
journal={ IEEE Transactions on Mobile Computing}, 
title={{Dynamic Spectrum Access with QoS and Interference Temperature Constraints}}, 
year={2007}, 
month={April}, 
volume={6}, 
number={4}, 
pages={423-433}, 
keywords={geometric programming;mobile radio;nonlinear programming;quality of service;radio links;radio spectrum management;radiofrequency interference;Nash equilibria;QoS;dynamic spectrum access;geometric programming techniques;interference temperature constraints;mobile communications;nonlinear optimization problem;quality of service;secondary links;secondary spectrum sharing;spectrum resource;stochastic learning;FCC;Interference constraints;Mobile communication;Quality of service;Radio frequency;Radiofrequency interference;Signal processing;Signal to noise ratio;Temperature;Wireless sensor networks;Wireless communication;access schemes;constrained optimization;mobile communication systems.}, 
doi={10.1109/TMC.2007.50}, 
ISSN={1536-1233},}


@INPROCEEDINGS{Jing10, 
author={Jun Jing and Lianguo Wu and Youyun Xu and Wenfeng Ma}, 
booktitle={WCSP}, 
title={Spectrum sharing through receiver beacons in fading channels}, 
year={2010}, 
month={Oct}, 
pages={1-5}, 
keywords={fading channels;interference;radio spectrum management;receivers;transmitters;beacon-assisted spectrum sharing framework;critical interference probability;device-level design parameter;fading channel;interference channel;near-optimal sharing;primary receiver;primary system;receiver beacons;secondary system;secondary transmitter;system-level design parameter;Correlation;Fading;Interference;Nakagami distribution;Receivers;Sensitivity;Sensors;Beacon Sensing;Cognitive Radio;Interference Probability;Spectrum Sharing}, 
doi={10.1109/WCSP.2010.5633293},}


@ARTICLE{Kaushik16,
AUTHOR={Ankit Kaushik and Shree Krishna Sharma and Symeon Chatzinotas and Bj{\"o}rn
Ottersten and Friedrich K. Jondral},
journal={IEEE Transactions on Wireless Communications},
title={{Sensing-Throughput Tradeoff for Cognitive Radio as Interweave System: A Deployment-Centric Viewpoint}},
note={(submited)},
url={http://arxiv.org/abs/1509.01774}
}

@ARTICLE{Kim12,
author={Hyungjong Kim and Hano Wang and Sungmook Lim and Daesik Hong},
journal={IEEE Transactions on Wireless Communications},
title={{On the Impact of Outdated Channel Information on the Capacity of Secondary User in Spectrum Sharing Environments}},
year={2012},
month={January},
volume={11},
number={1},
pages={284-295},
keywords={channel capacity;cognitive radio;radio receivers;radio spectrum management;radio transmitters;radiofrequency interference;wireless channels;channel information;cognitive radio;ergodic capacity;feedback latency;interference outage probability;outdated channel information;peak received-power constraint;power transmission allocation;primary receiver;received-power constraint;secondary link;secondary transmitter;secondary user capacity;spectrum sharing environment;time-varying property;Channel estimation;Correlation;Interference constraints;Receivers;Resource management;Transmitters;Cognitive radio;interference constraint;outdated channel state information;spectrum sharing},
doi={10.1109/TWC.2011.112311.110307},
ISSN={1536-1276},}


@ARTICLE{Suraweera10,
author={Suraweera, H.A. and Smith, P.J. and Shafi, M.},
journal={IEEE Transactions on Vehicular Technology},
title={Capacity Limits and Performance Analysis of Cognitive Radio With Imperfect Channel Knowledge},
year={2010},
month={May},
volume={59},
number={4},
pages={1811-1822},
keywords={channel estimation;cognitive radio;error statistics;interference (signal);BER;CSI quantization;SU transmit power constraint;capacity limit;channel-state information;closed-form average bit-error-rate;cognitive radio;cumulative-distribution function;imperfect channel knowledge;interference power constraint;spectrum utilization;Average bit error rate (BER);channel capacity;cognitive radio (CR);partial channel-state information (CSI);quantized feedback},
doi={10.1109/TVT.2010.2043454},
ISSN={0018-9545},}




@ARTICLE{Gifford08,
author={Gifford, W.M. and Win, M.Z. and Chiani, M.},
journal={IEEE Transactions on Wireless Communications},
title={Antenna subset diversity with non-ideal channel estimation},
year={2008},
month={May},
volume={7},
number={5},
pages={1527-1539},
keywords={Rayleigh channels;antennas;channel estimation;diversity reception;error statistics;maximum likelihood estimation;telecommunication signalling;antenna subset diversity;independent identically distributed Rayleigh fading channel;maximum likelihood estimation;nonideal channel estimation;symbol error probability;two-dimensional signaling constellation;wireless system;Channel estimation;Constellation diagram;Diversity reception;Error probability;Estimation error;Fading;Maximum likelihood estimation;Performance loss;Signal analysis;Signal to noise ratio},
doi={10.1109/TWC.2008.05744},
ISSN={1536-1276},}


@book{abramo,
  address = {New York},
  author = {Abramowitz, Milton and Stegun, Irene A.},
  edition = {{ninth Dover printing, tenth GPO printing}},
  keywords = {Handbook},
  publisher = {Dover},
  title = {Handbook of Mathematical Functions with Formulas, Graphs, and Mathematical Tables},
  year = 1964
}


@ARTICLE{Sharma15,
author={Sharma, S. and Bogale, T. and Chatzinotas, S. and Ottersten, B. and Le, L. and Wang, X.},
journal={IEEE Communications Surveys Tutorials},
title={{Cognitive Radio Techniques under Practical Imperfections: A Survey}},
year={2015},
month={},
volume={PP},
number={99},
pages={1-1},
keywords={Eigenvalues and eigenfunctions;Interference;Sensors;Signal to noise ratio;Transceivers;Uncertainty;Cognitive radio;channel uncertainty;noise uncertainty;spectrum sensing;transceiver imperfections;underlay},
doi={10.1109/COMST.2015.2452414},
ISSN={1553-877X},}

@INPROCEEDINGS{Kaushik14_P, 
author={Kaushik, A. and Tanbourgi, R. and Jondral, F.}, 
booktitle={Personal, Indoor, and Mobile Radio Communication (PIMRC), 2014 IEEE 25th Annual International Symposium on}, 
title={Operating characteristics of underlay cognitive relay networks}, 
year={2014}, 
pages={1206-1210}, 
keywords={cognitive radio;geometry;relay networks (telecommunication);CRN;LPB;OC;lower performance bound;operating characteristics;stochastic geometry;underlay cognitive relay networks;Cognitive radio;Geometry;Interference;Sensors;Stochastic processes;Wireless networks}, 
doi={10.1109/PIMRC.2014.7136351}, 
month={Sept},}

