% This file was created with JabRef 2.6.
% Encoding: Cp1252


@ARTICLE{Urkowitz, 
author={Urkowitz, H.}, 
journal={Proceedings of the IEEE}, 
title={Energy detection of unknown deterministic signals}, 
year={1967}, 
month={april}, 
volume={55}, 
number={4}, 
pages={ 523 - 531}, 
keywords={}, 
doi={10.1109/PROC.1967.5573}, 
ISSN={0018-9219},}

@ARTICLE{Haykin, 
author={Haykin, S.}, 
journal=IEEE_J_JSAC, 
title="{Cognitive radio: brain-empowered wireless communications}", 
year={2005}, 
month={Feb.}, 
volume={23}, 
number={2}, 
pages={ 201 - 220}, 
keywords={ brain-empowered wireless communication; channel-state estimation; cognitive radio; interference temperature; machine learning; predictive modeling; radio electromagnetic spectrum; radio-scene analysis; software-defined radio; stochastic games; transmit-power control; understanding-by-building; channel estimation; cognitive systems; learning (artificial intelligence); power control; radio spectrum management; software radio; stochastic games;}, 
doi={10.1109/JSAC.2004.839380}, 
ISSN={0733-8716},}


@BOOK{Tse05,
    author = {David Tse and Pramod Viswanath},
    title ="{Fundamentals of Wireless Communication}",
    publisher = {Cambridge University Press},
    year = {2005}
}

@misc{LectureR,
  Author = {Gallager, Robert},
  Institution = {Massachusetts Institute of Technology},
  Howpublished = {MIT Opencourseware, Course Notes, MIT Course Number 6.262},
  Year = {2011},
  Title = {{Discrete Stochastic Processes.}}
}


@book{grad,
  author = {Gradshteyn, I. S. and Ryzhik, I. M.},
  edition = {Sixth},
  isbn = {0-12-294757-6},
  keywords = {reference},
  pages = {xlvii+1163},
  publisher = {San Diego, CA: Academic Press.},
  title = {{Table of Integrals, Series, and Products}},
  year = {2000}
}

@ARTICLE{Goldsmith09, 
author={Goldsmith, A. and Jafar, S. A. and Maric, I. and Srinivasa, S.}, 
journal={Proceedings of the IEEE}, 
title="{Breaking Spectrum Gridlock With Cognitive Radios: An Information Theoretic Perspective}", 
year={2009}, 
month=may, 
volume={97}, 
number={5}, 
pages={894-914}, 
keywords={cognitive radio;a priori rules;cognitive radios;degree of freedom;information theoretic perspective;intelligent wireless communication device;spectrum gridlock;spectrum utilization;wireless network design;Availability;Bandwidth;Cognitive radio;FCC;Frequency;Guidelines;Radio spectrum management;Telecommunication standards;Wireless communication;Wireless networks;Capacity;cognitive radio;degrees of freedom;interweave;overlay;side information;underlay}, 
doi={10.1109/JPROC.2009.2015717}, 
ISSN={0018-9219},}


@INPROCEEDINGS{Kaushik13,
author={Kaushik, Ankit and Mueller, Marcus and Jondral, Friedrich K.},
booktitle={Proceedings of the Tenth International Symposium on Wireless Communication Systems (ISWCS 2013)},
title="{Cognitive Relay: Detecting Spectrum Holes in a Dynamic Scenario}",
year={2013},
month={{Apr.}},
pages={1-2},}


@INPROCEEDINGS{Kaushik14,
author={Kaushik, Ankit and Raza, M. Rehan and Jondral, Friedrich K.},
booktitle={CROWNCOM},
title="{On the Deployment of Cognitive Relay as Underlay Systems}",
year={2014},
month=jun,
}

@INPROCEEDINGS{Kaushik15,
AUTHOR={Ankit Kaushik and Shree Krishna Sharma and Symeon Chatzinotas and Bj{\"o}rn
Ottersten and Friedrich K. Jondral},
booktitle={{IEEE International Conference on Communications (ICC)}},
TITLE="{Estimation-Throughput} Tradeoff for Underlay Cognitive Radio Systems",
pages={7701-7706},
MONTH=jun,
YEAR={2015},
}

@ARTICLE{Sonn92,
author={Sonnenschein, A and Fishman, P. M.},
journal={IEEE Transactions on Aerospace and Electronic Systems},
title={Radiometric detection of spread-spectrum signals in noise of uncertain power},
year={1992},
month={Jul},
volume={28},
number={3},
pages={654-660},
keywords={probability;radiometry;signal detection;white noise;noise power density;peak-to-peak noise uncertainty;power spectral density;probability of interception;radiometric detectability;signal-to-noise ratio;spread-spectrum signals;standard analysis;time-bandwidth;uncertain knowledge;white Gaussian noise;wideband radiometer;worst case performance;Density measurement;Gaussian noise;Measurement standards;Power measurement;Radiometry;Signal analysis;Signal detection;Signal to noise ratio;Spread spectrum communication;Uncertainty},
doi={10.1109/7.256287},
ISSN={0018-9251},}


@ARTICLE{Tan08,
author={Tandra, R. and Sahai, A},
journal={IEEE Journal of Selected Topics in Signal Processing,},
title={{SNR Walls for Signal Detection}},
year={2008},
month={Feb},
volume={2},
number={1},
pages={4-17},
keywords={cognitive radio;fading channels;mathematical analysis;signal detection;SNR wall;cognitive radio;fading channel;mathematical model;signal detection;uncertainty modeling;wireless spectrum regulator;Detectors;Fading;Interference;Mathematical model;Measurement;Noise robustness;Regulators;Signal detection;Signal to noise ratio;Uncertainty;Capacity robustness tradeoff;SNR wall;cognitive radio;coherent detection;noise calibration;noise uncertainty;radiometer;robust sensing},
doi={10.1109/JSTSP.2007.914879},
ISSN={1932-4553},}


@ARTICLE{Liang08, 
author={Ying-Chang Liang and Yonghong Zeng and Peh, E. C. Y. and Anh Tuan Hoang}, 
journal=IEEE_J_WCOM, 
title={{Sensing-Throughput Tradeoff for Cognitive Radio Networks}}, 
year={2008}, 
month=apr, 
volume={7}, 
number={4}, 
pages={1326-1337}, 
keywords={cognitive radio;distributed sensors;probability;cognitive radio networks;cooperative sensing;detection probability;distributed spectrum sensing;energy detection sensing scheme;false alarm probability;frequency 6 MHz;frequency bands;radio frequency environment;secondary network;sensing duration;sensing-throughput tradeoff;spectrum reuse functionality;time 100 ms;Cognitive radio;Computer simulation;FCC;Helium;Protection;Radio frequency;Receivers;TV;Throughput;Wireless sensor networks}, 
doi={10.1109/TWC.2008.060869}, 
ISSN={1536-1276},}


@ARTICLE{Jiang13, 
author={Xueyuan Jiang and Kai-Kit Wong and Yangyang Zhang and Edwards, D.}, 
journal={IEEE Transactions on Vehicular Technology, }, 
title={On Hybrid Overlay-Underlay Dynamic Spectrum Access: Double-Threshold Energy Detection and Markov Model}, 
year={2013}, 
month={Oct}, 
volume={62}, 
number={8}, 
pages={4078-4083}, 
keywords={Markov processes;overlay networks;radio spectrum management;signal detection;DSA scheme;Markov chain model;double-threshold energy detection method;hybrid overlay-underlay dynamic spectrum access;partial-access mode;system interfering probability performance;Cognitive radio (CR);double-threshold energy detection;dynamic spectrum access (DSA);hybrid access}, 
doi={10.1109/TVT.2013.2258360}, 
ISSN={0018-9545},}

@ARTICLE{Sharma13,
author={Sharma, S. K. and Chatzinotas, S. and Ottersten, B.},
journal={IEEE Transactions on Wireless Communications},
title={{SNR Estimation for Multi-dimensional Cognitive Receiver under Correlated Channel/Noise}},
year={2013},
month={December},
volume={12},
number={12},
pages={6392-6405},
keywords={channel estimation;cognitive radio;covariance matrices;eigenvalues and eigenfunctions;radio receivers;radio spectrum management;signal detection;statistical distributions;CR receiver;CR sensing module;MSE;PU SNR;SNR estimation techniques;a.e.p.d.f;asymptotic eigenvalue probability distribution function;channel correlation;cognitive radio;correlated channel-noise;eigenvalue-based SS techniques;multidimensional cognitive receiver;noise correlation;normalized mean square error;primary signals;received signal covariance matrix;signal plus noise hypothesis;signal to noise ratio;spectrum sensing capability;underlay techniques;white noise;Channel estimation;Correlation;Covariance matrices;Estimation;Sensors;Signal to noise ratio;Cognitive radio (CR);channel/noise correlation;random matrix theory (RMT);signal to noise ratio (SNR) estimation;spectrum sensing (SS)},
doi={10.1109/TWC.2013.103113.130523},
ISSN={1536-1276},}

@INPROCEEDINGS{Sharma14,
author={Sharma, S. K. and Chatzinotas, S. and Ottersten, B.},
booktitle={9th International Conference on Cognitive Radio Oriented Wireless Networks and Communications (CROWNCOM)}, 
title={{A Hybrid Cognitive Transceiver Architecture: Sensing-Throughput Tradeoff}},
year={2014},
month=jun,
pages={143-149}, 
}

@ARTICLE{Juarez11, 
author={Cardenas-Juarez, M. and Ghogho, M.}, 
journal={IEEE Communications Letters}, 
title={{Spectrum Sensing and Throughput Trade-off in Cognitive Radio under Outage Constraints over Nakagami Fading}}, 
year={2011}, 
month={October}, 
volume={15}, 
number={10}, 
pages={1110-1113}, 
keywords={Nakagami channels;cognitive radio;cooperative communication;radio networks;Nakagami fading conditions;Nakagami fading distribution;Rayleigh fading;channel-dependent probability;cooperative cognitive radio network;energy detector;fading operational conditions;maximum outage probability;optimum sensing time;optimum spectrum sensing duration;outage constraints;throughput trade-off;Cognitive radio;Nakagami distribution;Rayleigh channels;Sensors;Signal to noise ratio;Throughput;Spectrum sensing;cooperative networks;energy detector}, 
doi={10.1109/LCOMM.2011.080811.111127}, 
ISSN={1089-7798},}

@INPROCEEDINGS{Sharkasi12, 
author={Sharkasi, Y. F. and Ghogho, M. and McLernon, D.}, 
booktitle={ISWCS, }, 
title={{Sensing-throughput tradeoff for OFDM-based cognitive radio under outage constraints}}, 
year={2012}, 
month={Aug}, 
pages={66-70}, 
keywords={Nakagami channels;OFDM modulation;Rician channels;AD;Nakagami-m channels;Nakagami-m fading parameter;OFDM signal;OFDM-based cognitive radio;Rician factor;Rician fading channels;autocorrelation detector;energy detector;fading environments;false alarm probability;outage constraints;sensing-throughput tradeoff}, 
doi={10.1109/ISWCS.2012.6328331}, 
ISSN={2154-0217},}

@ARTICLE{Xing07, 
author={Yiping Xing and Mathur, C. N. and Haleem, M. A. and Chandramouli, R. and Subbalakshmi, K. P.},
journal=IEEE_J_MC, 
title={{Dynamic Spectrum Access with QoS and Interference Temperature Constraints}}, 
year={2007}, 
month=apr, 
volume={6}, 
number={4}, 
pages={423-433}, 
keywords={geometric programming;mobile radio;nonlinear programming;quality of service;radio links;radio spectrum management;radiofrequency interference;Nash equilibria;QoS;dynamic spectrum access;geometric programming techniques;interference temperature constraints;mobile communications;nonlinear optimization problem;quality of service;secondary links;secondary spectrum sharing;spectrum resource;stochastic learning;FCC;Interference constraints;Mobile communication;Quality of service;Radio frequency;Radiofrequency interference;Signal processing;Signal to noise ratio;Temperature;Wireless sensor networks;Wireless communication;access schemes;constrained optimization;mobile communication systems.}, 
doi={10.1109/TMC.2007.50}, 
ISSN={1536-1233},}


@INPROCEEDINGS{Jing10, 
author={Jun Jing and Lianguo Wu and Youyun Xu and Wenfeng Ma}, 
booktitle={WCSP}, 
title={Spectrum sharing through receiver beacons in fading channels}, 
year={2010}, 
month={Oct}, 
pages={1-5}, 
keywords={fading channels;interference;radio spectrum management;receivers;transmitters;beacon-assisted spectrum sharing framework;critical interference probability;device-level design parameter;fading channel;interference channel;near-optimal sharing;primary receiver;primary system;receiver beacons;secondary system;secondary transmitter;system-level design parameter;Correlation;Fading;Interference;Nakagami distribution;Receivers;Sensitivity;Sensors;Beacon Sensing;Cognitive Radio;Interference Probability;Spectrum Sharing}, 
doi={10.1109/WCSP.2010.5633293},}


@ARTICLE{Kaushik16,
AUTHOR={Ankit Kaushik and Shree Krishna Sharma and Symeon Chatzinotas and Bj{\"o}rn
Ottersten and Friedrich K. Jondral},
journal=IEEE_J_WCOM,
title={{Sensing-Throughput Tradeoff for Cognitive Radio as Interweave System: A Deployment-Centric Viewpoint}},
year={2016},
month=may,
volume={16},
number={5},
pages={3690-3702},
}

@ARTICLE{Kim12,
author={Hyungjong Kim and Hano Wang and Sungmook Lim and Daesik Hong},
journal=IEEE_J_WCOM, 
title={{On the Impact of Outdated Channel Information on the Capacity of Secondary User in Spectrum Sharing Environments}},
year={2012},
month=jan,
volume={11},
number={1},
pages={284-295},
keywords={channel capacity;cognitive radio;radio receivers;radio spectrum management;radio transmitters;radiofrequency interference;wireless channels;channel information;cognitive radio;ergodic capacity;feedback latency;interference outage probability;outdated channel information;peak received-power constraint;power transmission allocation;primary receiver;received-power constraint;secondary link;secondary transmitter;secondary user capacity;spectrum sharing environment;time-varying property;Channel estimation;Correlation;Interference constraints;Receivers;Resource management;Transmitters;Cognitive radio;interference constraint;outdated channel state information;spectrum sharing},
doi={10.1109/TWC.2011.112311.110307},
ISSN={1536-1276},}


@ARTICLE{Suraweera10,
author={Suraweera, H. A. and Smith, P. J. and Shafi, M.},
journal=IEEE_J_VT,
title="{Capacity Limits and Performance Analysis of Cognitive Radio With Imperfect Channel Knowledge}",
year={2010},
month=may,
volume={59},
number={4},
pages={1811-1822},
keywords={channel estimation;cognitive radio;error statistics;interference (signal);BER;CSI quantization;SU transmit power constraint;capacity limit;channel-state information;closed-form average bit-error-rate;cognitive radio;cumulative-distribution function;imperfect channel knowledge;interference power constraint;spectrum utilization;Average bit error rate (BER);channel capacity;cognitive radio (CR);partial channel-state information (CSI);quantized feedback},
doi={10.1109/TVT.2010.2043454},
ISSN={0018-9545},}




@ARTICLE{Gifford08,
author={Gifford, W.M. and Win, M.Z. and Chiani, M.},
journal=IEEE_J_WCOM,
title={Antenna subset diversity with non-ideal channel estimation},
year={2008},
month=may,
volume={7},
number={5},
pages={1527-1539},
keywords={Rayleigh channels;antennas;channel estimation;diversity reception;error statistics;maximum likelihood estimation;telecommunication signalling;antenna subset diversity;independent identically distributed Rayleigh fading channel;maximum likelihood estimation;nonideal channel estimation;symbol error probability;two-dimensional signaling constellation;wireless system;Channel estimation;Constellation diagram;Diversity reception;Error probability;Estimation error;Fading;Maximum likelihood estimation;Performance loss;Signal analysis;Signal to noise ratio},
doi={10.1109/TWC.2008.05744},
ISSN={1536-1276},}


@book{abramo,
  address = {New York},
  author = {Abramowitz, Milton and Stegun, Irene A.},
  edition = {{ninth Dover printing, tenth GPO printing}},
  keywords = {Handbook},
  publisher = {Dover},
  title = {Handbook of Mathematical Functions with Formulas, Graphs, and Mathematical Tables},
  year = 1964
}


@ARTICLE{Sharma15,
author={Sharma, S. and Bogale, T. and Chatzinotas, S. and Ottersten, B. and Le, L. and Wang, X.},
journal=IEEE_O_CSTO,
title={{Cognitive Radio Techniques under Practical Imperfections: A Survey}},
year={2015},
month={Fourthquater},
volume={17},
number={4},
pages={1858-1884},
keywords={Eigenvalues and eigenfunctions;Interference;Sensors;Signal to noise ratio;Transceivers;Uncertainty;Cognitive radio;channel uncertainty;noise uncertainty;spectrum sensing;transceiver imperfections;underlay},
doi={10.1109/COMST.2015.2452414},
ISSN={1553-877X},}

@INPROCEEDINGS{Kaushik14_P, 
author={Kaushik, A. and Tanbourgi, R. and Jondral, F.}, 
booktitle={IEEE 25th Annual International Symposium on Personal, Indoor, and Mobile Radio Communication (PIMRC)}, 
title={Operating characteristics of underlay cognitive relay networks}, 
year={2014}, 
pages={1206-1210}, 
keywords={cognitive radio;geometry;relay networks (telecommunication);CRN;LPB;OC;lower performance bound;operating characteristics;stochastic geometry;underlay cognitive relay networks;Cognitive radio;Geometry;Interference;Sensors;Stochastic processes;Wireless networks}, 
doi={10.1109/PIMRC.2014.7136351}, 
month=sep}

@ARTICLE{Elsawy13_cmag,
author={ElSawy, H. and Hossain, E. and Dong In Kim},
journal=IEEE_M_COM, 
title={{HetNets with cognitive small cells: user offloading and distributed channel access techniques}},
year={2013},
month=jun,
volume={51},
number={6},
pages={28-36},
keywords={channel allocation;cognitive radio;femtocellular radio;frequency allocation;microcellular radio;picocellular radio;radio access networks;statistical analysis;stochastic processes;HetNets;cellular wireless networks;cognition capability;cognitive small cells;complete coordination;congested macrocells;distributed channel access techniques;femtocells;fine-tuned design;frequency reuse efficiency;heterogeneous cellular networks;heterogeneous networks;insightful design guidelines;large-scale deployment;microcells;multitier cellular wireless network;network capacity;network tier;offloading spots;offloading techniques;picocells;radio access network;random locations;spectrum sensing design;statistical tool;stochastic geometry tools;user offloading;Cellular networks;Channel allocation;Cognitive radio;Femtocells;Macrocell networks;Microcell networks;Stochastic processes;Telecommunication traffic},
doi={10.1109/MCOM.2013.6525592},
ISSN={0163-6804},}



@book{LTE09,
   title = {{LTE} - The {UMTS} Long Term Evolution : From Theory To Practice},
   author = "Sesia, Stefania and Toufik, Issam and Baker, Matthew",
   publisher = "Wiley",
   address = "Chichester",
   isbn = "978-0-470-69716-0",
   year = 2009
}

@ARTICLE{Musa09_, 
author={L. Musavian and S. Aissa}, 
journal=IEEE_J_WCOM, 
title={Capacity and power allocation for spectrum-sharing communications in fading channels}, 
year={2009}, 
volume={8}, 
number={1}, 
pages={148-156}, 
keywords={Rayleigh channels;cognitive radio;interference (signal);numerical analysis;radio receivers;spread spectrum communication;Rayleigh fading environment;capacity allocation;cognitive radio;fading channels;numerical simulations;opportunistic spectrum access;power allocation;primary receiver interference;secondary user transmission;spectrum-sharing communications;AWGN;Channel capacity;Cognitive radio;Fading;Frequency;Interference;Licenses;Radio spectrum management;Rayleigh channels;Receivers;Cognitive radio;ergodic capacity;fading channels;minimum-rate capacity;outage capacity;peak and average received-power constraints;spectrum sharing}, 
doi={10.1109/T-WC.2009.070265}, 
ISSN={1536-1276}, 
month=jan}


@ARTICLE{Musa09, 
author={Musavian, L. and Aissa, S.}, 
journal=IEEE_J_COM,
title={Fundamental capacity limits of cognitive radio in fading environments with imperfect channel information}, 
year={2009}, 
volume={57}, 
number={11}, 
pages={3472-3480}, 
keywords={Rayleigh channels;cognitive radio;Rayleigh flat-fading channels;average received-power constraint;cognitive radio;fading environments;imperfect channel information;interference-outage;opportunistic spectrum-sharing channels;partial channel information;primary user;secondary user;Channel capacity;Chromium;Cognitive radio;Fading;Information analysis;Interference constraints;Leak detection;Quality of service;Radio transmitters;Receivers;Cognitive radio, spectrum sharing, receivedpower constraint, ergodic capacity, outage capacity, fading channels}, 
doi={10.1109/TCOMM.2009.11.070410}, 
ISSN={0090-6778}, 
month=nov}

@INPROCEEDINGS{Ghasemi06, 
author={Ghasemi, A. and Sousa, E. S.}, 
booktitle={IEEE International Conference on Communications (ICC)}, 
title="{Capacity of Fading Channels Under Spectrum-Sharing Constraints}", 
year={2006}, 
volume={10}, 
pages={4373-4378}, 
keywords={Channel capacity;FCC;Fading;Force measurement;Frequency;Interference constraints;Physics computing;Radio spectrum management;Receivers;Temperature;Spectrum sharing;interference temperature;opportunistic access;received-power constraint}, 
doi={10.1109/ICC.2006.255326}, 
ISSN={8164-9547}, 
month=jun}

@ARTICLE{Ghasemi07, 
author={Ghasemi, A. and Sousa, E. S.}, 
journal=IEEE_J_WCOM, 
title={Fundamental limits of spectrum-sharing in fading environments}, 
year={2007}, 
volume={6}, 
number={2}, 
pages={649-658}, 
keywords={channel allocation;channel capacity;fading channels;radiofrequency interference;dynamic spectrum sharing;fading channels;fading environments;frequency spectrum;interference;secondary channel capacity;Channel capacity;FCC;Fading;Force measurement;Frequency;Government;Interference;Protection;Radio spectrum management;Temperature}, 
doi={10.1109/TWC.2007.05447}, 
ISSN={1536-1276}, 
month=feb}

@ARTICLE{Kang09, 
author={Xin Kang and Ying-Chang Liang and Nallanathan, A. and Garg, H.K. and Rui Zhang}, 
journal=IEEE_J_WCOM,
title={Optimal power allocation for fading channels in cognitive radio networks: Ergodic capacity and outage capacity}, 
year={2009}, 
volume={8}, 
number={2}, 
pages={940-950}, 
keywords={cognitive radio;fading channels;cognitive radio networks;ergodic capacity;fading channels;optimal power allocation strategies;outage capacity;primary communication network;secondary communication network;spectrum sharing;AWGN;Channel capacity;Cognitive radio;Communication networks;FCC;Fading;Interference constraints;Personal communication networks;Quality of service;Radio spectrum management;Cognitive radio;delay-limited capacity;ergodic capacity;fading channel;interference power constraint;outage capacity;power control;spectrum sharing}, 
doi={10.1109/TWC.2009.071448}, 
ISSN={1536-1276}, 
month=feb}


@ARTICLE{Peha05, 
author={Peha, J. M.}, 
journal=IEEE_M_COM,
title={Approaches to spectrum sharing}, 
year={2005}, 
volume={43}, 
number={2}, 
pages={10-12}, 
keywords={frequency allocation;legislation;property right;spectrum common;spectrum policy;spectrum sharing;Access protocols;Cognitive radio;Impedance;Licenses;Permission;Quality of service;Regulators;Switches;Taxonomy;Technological innovation}, 
doi={10.1109/MCOM.2005.1391490}, 
ISSN={0163-6804}, 
month=feb}


@INPROCEEDINGS{Zhang08, 
author={Rui Zhang}, 
booktitle={3rd IEEE Symposium on New Frontiers in Dynamic Spectrum Access Networks (DySPAN)}, 
title={{On Peak versus Average Interference Power Constraints for Spectrum Sharing in Cognitive Radio Networks}}, 
year={2008}, 
pages={1-5}, 
keywords={cognitive radio;fading channels;radio spectrum management;radiofrequency interference;average interference power;cognitive radio networks;ergodic capacity;fading channel;interference diversity phenomenon;interference power constraints;interference temperature constraint;peak interference power;peak power-constraint threshold;primary radio;randomized interference;spectrum sharing;wireless communication;Bandwidth;Chromium;Cognitive radio;Fading;Interference constraints;Protection;Receivers;Resource management;Throughput;Wireless communication}, 
doi={10.1109/DYSPAN.2008.86}, 
month=oct}

@book{NIST,
      editor = "F.~W.~J. Olver and D.~W. Lozier and R.~F. Boisvert and C.~W. Clark",
       title = "{NIST Handbook of Mathematical Functions}",
   publisher = "Cambridge University Press",
     address = "New York, NY",
        year = "2010"}

@book{Kay,
  title={Fundamentals of Statistical Signal Processing: Detection theory},
  author={Kay, S.M.},
  isbn={9780135041352},
  series={Prentice Hall Signal Processing Series},
  year={1998},
  publisher={Prentice-Hall PTR}
}


@book{Goldsmith05,
 author = {Goldsmith, Andrea},
 title = {Wireless Communications},
 year = {2005},
 isbn = {0521837162},
 publisher = {Cambridge University Press},
 address = {New York, NY, USA},
} 

@INPROCEEDINGS{Tsak14_, 
author={Tsakmalis, A. and Chatzinotas, S. and Ottersten, B.}, 
booktitle={IEEE 15th International Workshop on Signal Processing Advances in Wireless Communications (SPAWC)}, 
title={{Modulation and Coding Classification for Adaptive Power Control in 5G Cognitive Communications}}, 
year={2014}, 
pages={234-238}, 
keywords={4G mobile communication;adaptive codes;cognitive radio;power control;protocols;radiofrequency interference;statistical analysis;telecommunication control;5G cognitive communications;5G networks;ACM protocol;PU link throughput;PU transmission;adaptive coding and modulation;adaptive power control;coding classification;cognitive user;higher order statistical features;interference channel information;modulation and coding scheme;modulation classification;primary user;secondary user;signal and log-likelihood ratios;Encoding;Interference;Modulation;Power control;Sensors;Signal processing algorithms;Wireless communication;Adaptive Coding and Modulation;Adaptive Power Control;Code Syndromes;Cognitive Communications;Higher Order Statistics;Log-Likelihood Ratios;Modulation and Coding Classification;Spectrum Sensing}, 
doi={10.1109/SPAWC.2014.6941505}, 
month={Jun},}


@INPROCEEDINGS{Tsak14, 
author={Tsakmalis, A. and Chatzinotas, S. and Ottersten, B.}, 
booktitle={Advanced Satellite Multimedia Systems Conference and the 13th Signal Processing for Space Communications Workshop (ASMS/SPSC)}, 
title={{Automatic Modulation Classification for adaptive Power Control in cognitive satellite communications}}, 
year={2014}, 
pages={234-240}, 
keywords={adaptive codes;adaptive modulation;cognitive radio;control engineering computing;learning (artificial intelligence);modulation;power control;protocols;radiofrequency interference;satellite communication;support vector machines;telecommunication computing;telecommunication control;ACM protocol;PU link;QoS;SVM;adaptive coding and modulation protocol;adaptive power control algorithm;automatic modulation classification;cognitive satellite communications;cognitive user;higher order statistical features;interference;machine learning detector;primary user;secondary user;spectrum sensing;support vector machine;Interference;Modulation;Satellites;Sensors;Signal to noise ratio;Support vector machines;Training;Adaptive Coding and Modulation;Adaptive Power Control;Automatic Modulation Classification;Cognitive Radio;Higher Order Statistics;Spectrum Sensing;Support Vector Machine}, 
doi={10.1109/ASMS-SPSC.2014.6934549}, 
month={Sept},}

@INPROCEEDINGS{Lien10, 
author={Shao-Yu Lien and Chih-Cheng Tseng and Kwang-Cheng Chen and Chih-Wei Su}, 
booktitle={IEEE International Conference on Communications (ICC)}, 
title={{Cognitive Radio Resource Management for QoS Guarantees in Autonomous Femtocell Networks}}, 
year={2010}, 
pages={1-6}, 
keywords={cellular radio;cognitive radio;mobility management (mobile radio);quality of service;radiofrequency interference;statistical analysis;QoS;QoS guarantees;autonomous femtocell networks;cognitive radio resource management;communication quality;delay guarantee performance;interference mitigation;macrocell coverage;quality-of-service;radio resource allocation;radio resource utilization;randomized scheme;Bandwidth;Base stations;Cognitive radio;Delay effects;Femtocell networks;Frequency conversion;Interference;Macrocell networks;Resource management;WiMAX}, 
doi={10.1109/ICC.2010.5502784}, 
ISSN={1550-3607}, 
month={May},}



@INPROCEEDINGS{Stat12, 
author={E. Stathakis and M. Skoglund and L. K. Rasmussen}, 
booktitle={IEEE International Conference on Communications (ICC)}, 
title={{On combined beamforming and OSTBC over the cognitive radio Z-channel with partial CSI}}, 
year={2012}, 
pages={2380-2384}, 
keywords={array signal processing;cognitive radio;quality of service;radio links;radio transmitters;space-time block codes;wireless channels;BOSTBC transmission;CSI quality;PU;QoS constraints;SU transmitter;Z-topology;cognitive link;cognitive radio Z-channel;combined beamforming with orthogonal space-time block coding;imperfect channel state information;optimal design characterization;partial CSI;primary nodes;primary receivers;quality-of-service constraints;secondary nodes;secondary transmitter;underlay cognitive networks;Array signal processing;Bit error rate;Block codes;Interference;Quality of service;Signal to noise ratio;Vectors}, 
doi={10.1109/ICC.2012.6363823}, 
ISSN={1550-3607}, 
month={Jun.},}


@ARTICLE{Alou13, 
author={L. Sboui and Z. Rezki and M. S. Alouini}, 
journal=IEEE_J_WCOM, 
title={{A Unified Framework for the Ergodic Capacity of Spectrum Sharing Cognitive Radio Systems}}, 
year={2013}, 
volume={12}, 
number={2}, 
pages={877-887}, 
keywords={Rayleigh channels;channel capacity;channel estimation;cognitive radio;radio spectrum management;Rayleigh fading channels;SNR regime;asymptotic capacity analysis;average transmit power;cross link CSI;ergodic capacity generalization;frequency carrier;instantaneous interference outage constraints;on-off power allocation scheme;optimal power profile;secondary channel estimation;secondary link channel state information;secondary user;signal-to-noise ratio;spectrum sharing cognitive radio systems;spectrum sharing communication scenario;suboptimal rates;Channel estimation;Cognitive radio;Estimation;Fading;Interference constraints;Signal to noise ratio;Underlay cognitive radio;ergodic capacity;imperfect CSI;on-off scheme;spectrum sharing}, 
doi={10.1109/TWC.2012.122212.120449}, 
ISSN={1536-1276}, 
month=feb}


@ARTICLE{Smith13, 
author={P. J. Smith and P. A. Dmochowski and H. A. Suraweera and M. Shafi}, 
journal=IEEE_J_VT, 
title={{The Effects of Limited Channel Knowledge on Cognitive Radio System Capacity}}, 
year={2013}, 
volume={62}, 
number={2}, 
pages={927-933}, 
keywords={channel capacity;cognitive radio;capacity cumulative distribution function;cognitive radio system capacity;limited channel knowledge;primary user receiver;secondary user;signal to interference noise ratio;statistical channel knowledge;Cognitive radio;Educational institutions;Electronic mail;Interference;Probabilistic logic;Receivers;Signal to noise ratio;Channel capacity;cognitive radio (CR);partial channel-state information (CSI)}, 
doi={10.1109/TVT.2012.2227864}, 
ISSN={0018-9545}, 
month=feb}


@INPROCEEDINGS{Kerr14, 
author={P. de Kerret and M. C. Filippou and D. Gesbert}, 
booktitle={48th Asilomar Conference on Signals, Systems and Computers}, 
title={{Statistically coordinated precoding for the MISO cognitive radio channel}}, 
year={2014}, 
pages={1083-1087}, 
keywords={antenna radiation patterns;channel coding;cognitive radio;multiuser channels;precoding;radio transmitters;statistical analysis;transmitting antennas;wireless channels;CSI;MISO cognitive radio channel;SU multiple antenna TX;channel state information;direct channel;low complexity;low signal processing capability;multiuser channel statistics;primary multiple antenna transmitter;secondary user;single antenna PU;single antenna primary user;statistically coordinated precoding;team decision problem;weak backhaul infrastructure;Cognitive radio;Interference;MIMO;Optimization;Power control;Radio transmitters}, 
doi={10.1109/ACSSC.2014.7094623}, 
month=nov}

@ARTICLE{Alou12, 
author={Z. Rezki and M. S. Alouini}, 
journal=IEEE_J_VT, 
title="{Ergodic Capacity of Cognitive Radio Under Imperfect Channel-State Information}", 
year={2012}, 
volume={61}, 
number={5}, 
pages={2108-2119}, 
keywords={Rayleigh channels;cognitive radio;radio receivers;radio transmitters;radiofrequency interference;Rayleigh fading channels;average transmit power constraints;cognitive radio;continuous probability density function;ergodic capacity;general fading channels;high-power regime;imperfect channel-state information;instantaneous CSI;interference outage constraint;low-power regime;optimum power profile;pdf;peak transmit power constraints;secondary transmitter-primary receiver link;signal-to-interference outage constraint;spectrum-sharing communication system;Channel estimation;Cognitive radio;Fading;Interference;Radio transmitters;Receivers;Silicon;Cognitive radio (CR);ergodic capacity and interference outage constraint;optimal power allocation;spectrum sharing}, 
doi={10.1109/TVT.2012.2195042}, 
ISSN={0018-9545}, 
month=jun}


@ARTICLE{Zhang13, 
author={X. Zhang and J. Xing and Z. Yan and Y. Gao and W. Wang}, 
journal=IEEE_J_COML, 
title={{Outage Performance Study of Cognitive Relay Networks with Imperfect Channel Knowledge}}, 
year={2013}, 
volume={17}, 
number={1}, 
pages={27-30}, 
keywords={Rayleigh channels;cognitive radio;probability;radiofrequency interference;relay networks (telecommunication);CRN;Rayleigh fading channels;cognitive relay networks;exact outage probability;imperfect CSI estimation;imperfect channel knowledge estimation;imperfect channel state information estimations;interference links;outage performance analysis;primary systems;secondary relay-PU link;secondary systems;secondary transmitter-primary user link;Channel estimation;Estimation;Fading;Interference;Knowledge engineering;Relays;Signal to noise ratio;Cognitive relay networks;imperfect channel knowledge;outage performance}, 
doi={10.1109/LCOMM.2012.112812.121371}, 
ISSN={1089-7798}, 
month=jan}

@INPROCEEDINGS{Sura08, 
author={H. A. Suraweera and J. Gao and P. J. Smith and M. Shafi and M. Faulkner}, 
booktitle={IEEE International Conference on Communications (ICC)}, 
title="{Channel Capacity Limits of Cognitive Radio in Asymmetric Fading Environments}", 
year={2008}, 
pages={4048-4053}, 
keywords={Rayleigh channels;Rician channels;channel allocation;channel capacity;cognitive radio;Rayleigh fading;Rician fading;arbitrary link power;asymmetric fading channels;asymmetric fading environments;channel capacity limits;cognitive radio;dynamic spectrum approach;innovative radio design concept;spectrum utilization;Capacity planning;Channel capacity;Chromium;Cognitive radio;Communications Society;Fading;Interference constraints;Rayleigh channels;Rician channels;Temperature}, 
doi={10.1109/ICC.2008.760}, 
ISSN={1550-3607}, 
month=may}



@INPROCEEDINGS{Li13, 
author={Y. Li and G. Zhu and S. Lin and K. Guan and L. Liu and Y. Li}, 
booktitle={5th IET International Conference on Wireless, Mobile and Multimedia Networks (ICWMMN 2013)}, 
title={Power allocation scheme for the underlay cognitive radio user with the imperfect channel state information}, 
year={2013}, 
pages={320-324}, 
keywords={channel allocation;channel estimation;cognitive radio;measurement errors;radiofrequency interference;radiotelemetry;time-varying channels;wireless channels;CRN;CSI;IC;SU;channel estimation error;imperfect channel state information;interference control;interference power threshold;measurement error;outdate estimation error;power allocation scheme;secondary user;time-varying channel;underlay cognitive radio user;imperfect channel state information;interference control;resource management;underlay cognitive radio}, 
doi={10.1049/cp.2013.2433}, 
month={Nov.},}

@inproceedings{Kaushik16_CC,
AUTHOR={Hanna Becker and Ankit Kaushik and Shree Krishna Sharma and Symeon Chatzinotas and Friedrich K. Jondral},
booktitle={11th International Conference on Cognitive Radio Oriented Wireless Networks and Communications (CROWNCOM)},
title={{Experimental Study of an Underlay Cognitive Radio System: Model Validation and Demonstration}},
pages = {511-523},
year={2016},
month={May-Jun.},
}


@inproceedings{Cabric06,
 author = {Cabric, Danijela and Tkachenko, Artem and Brodersen, Robert W.},
 title = {{Experimental Study of Spectrum Sensing Based on Energy Detection and Network Cooperation}},
 booktitle = {Proceedings of the First International Workshop on Technology and Policy for Accessing Spectrum},
 year = {2006},
 isbn = {1-59593-510-X},
 url = {http://doi.acm.org/10.1145/1234388.1234400},
 publisher = {ACM},
} 

